2167 3667
335 387 469 442 LIBER
489 386 702 457 QUINTUS.
770 401 823 459 253

224 486 324 560 dicam,
334 509 369 545 an
377 508 470 547 errore
478 487 609 566 quodam:
622 503 663 559 ut,
673 508 734 546 cum
743 508 773 545 ea
781 487 824 547 lo·

225 594 259 632 ca
266 574 418 647 videamus,
429 576 567 652 inquibus
580 576 713 633 memoria
723 575 824 653 dignos

224 660 303 719 viros
313 659 497 738 acceperimus
505 660 622 719 multum
630 658 681 719 effe
689 657 826 737 versatos,

223 748 312 824 magis
327 765 498 821 moveamur,
516 766 600 826 quam
614 743 635 804 st
649 743 763 824 quando
776 766 826 807 eo·

224 851 286 892 rum
304 830 425 912 ipsorum
443 848 491 894 aut
508 831 581 892 faeta
598 830 756 904 audiamus,
776 847 825 894 aut

220 915 354 999 scriptum
373 918 486 1000 aliquod
508 918 657 998 legamus?
681 917 758 979 velut
773 939 825 997 ego

219 1026 300 1068 -uunc
307 1027 435 1068 moveor·
455 1004 826 1067 venitenimmihiPlrtouit

222 1095 394 1155 iumentemt
402 1094 646 1173 quetntccepimus
654 1092 772 1172 primum
780 1095 827 1154 hic

222 1179 362 1260 disputare
371 1178 493 1240 solitumt
505 1179 584 1258 cujus
591 1180 674 1237 etiam
681 1177 721 1237 illi
728 1166 826 1239 hortu-

215 1266 244 1333 ·li
252 1267 403 1348 propinqui
413 1287 474 1327 non
484 1264 646 1326 memoriam
658 1260 746 1325 solum
756 1266 825 1326 mihi

216 1352 356 1428 offerunt,
366 1352 412 1414 sed
419 1349 508 1433 ipsum
514 1351 683 1413 videnturin
691 1348 824 1430 conspec-

218 1455 257 1499 tu
267 1460 330 1500 meo
342 1442 389 1501 hic
400 1460 514 1522 ponere.
536 1441 583 1499 hic
593 1436 767 1520 Speufippus,
777 1441 824 1501 hic

220 1534 407 1603 Xenocrates,
425 1529 471 1588 hic
490 1524 552 1605 ejus
567 1526 677 1586 auditor
690 1524 824 1588 Polemo:

222 1615 303 1693 eujus
313 1612 504 1695 ipsaitlaseffio
514 1611 581 1688 fuit,
590 1632 674 1694 quam
684 1611 821 1676 videmus.

222 1700 350 1782 equidem
355 1702 436 1762 etium
441 1697 824 1770 curiamnostramfflostilim

224 1788 301 1862 dico,
312 1789 572 1864 nouhuncnovam,
580 1787 723 1866 quaemihi
730 1789 825 1848 minor

214 1873 276 1936 -ess'e
283 1873 403 1950 videtur,
411 1872 585 1956 posteaquam
592 1871 630 1934 est
636 1874 742 1951 major)
752 1873 824 1935 sole·

222 1963 285 2023 bam
293 1964 418 2039 intuens,
426 1963 594 2042 Scipionem,
602 1967 824 2041 contremue-

222 2049 302 2125 lium,
320 2049 443 2111 nostrum
451 2069 519 2111 vero
530 2051 562 2108 iu
573 2049 669 2126 primis
681 2069 763 2112 avum
772 2071 822 2110 co·

211 2137 321 2215 :gitaro
343 2151 422 2197 tauta
435 2137 479 2197 vit
493 2135 693 2198 admonitionis
707 2134 777 2197 inest
791 2139 822 2197 in

221 2222 310 2296 locis;
323 2237 354 2282 ut
366 2245 426 2283 non
432 2221 488 2284 fine
495 2220 574 2284 causa
580 2244 616 2283 ex
622 2224 665 2282 hit
672 2225 821 2285 memoriae

221 2309 304 2371 dueta
318 2307 351 2369 fit
366 2308 522 2392 disciplina.
545 2325 612 2371 ,tum
628 2311 767 2387 Quitrtus,
783 2308 822 2370 est

222 2397 316 2478 plane,
325 2397 396 2471 Piso,
404 2414 435 2458 ut
442 2397 635 2478 dicit,inquit.
652 2417 717 2456 uam
724 2416 769 2455 me
776 2397 820 2475 ip-

213 2482 282 2543 -sum
287 2489 341 2544 huc
346 2485 431 2546 modo
436 2487 594 2545 venientem
599 2483 779 2543 convertebat
786 2480 822 2540 ad

222 2568 275 2630 sese
284 2570 478 2631 Coloneusille
484 2571 575 2644 locut,
582 2568 764 2646 cujutiucolu
770 2575 821 2627 So·

222 2658 335 2738 phocles
343 2661 381 2718 ob
389 2656 486 2719 oculos
497 2656 652 2717 versabatur
660 2676 671 2712 t
680 2650 832 2728 σωκῶ

221 2744 649 2830 iumadmiret,quamqueeo
657 2736 867 2813 &Quum

506 2839 549 2898 M
567 2851 587 2913 r
