2167 3667
666 468 969 526 mnER
1018 468 1405 527 numus.
1579 486 1648 547 5³

448 590 603 653 qnam
612 584 803 633 autem
825 586 883 631 et
904 570 1176 631 laetitiam
1195 573 1359 633 nobis
1382 574 1646 655 voluptas

446 660 629 735 animi,
642 674 703 719 et
724 657 1027 719 molestiam
1041 656 1210 718 dolor
1223 658 1436 720 afferat:
1453 682 1650 724 eorum

444 758 615 807 nmen
628 760 933 825 utrumque
944 760 1003 805 et
1017 759 1206 805 ortum
1219 744 1324 806 else
1337 767 1370 805 e
1384 768 1646 829 corpore,

442 830 793 912 etadoorpns
810 830 1031 891 neferri.
1064 852 1171 892 nec
1193 834 1268 892 ob
1290 852 1408 892 eam
1432 833 1648 897 causam

437 938 555 979 non
569 918 750 980 multo
765 918 1011 997 majores
1024 916 1130 978 esse
1149 934 1206 977 et
1227 918 1652 999 voluptates,

436 1004 657 1065 dolores
672 1005 871 1079 animi,
888 1026 1057 1085 quam
1071 1008 1345 1085 corporis.
1377 1026 1508 1066 nam
1523 1024 1650 1067 cor-

438 1111 569 1171 pore
597 1049 895 1168 nihil,ni's1
925 1089 1180 1172 praesens
1211 1108 1267 1152 et
1295 1092 1451 1173 quod
1480 1090 1648 1167 adest,

440 1174 635 1239 sentire
650 1176 971 1260 postumus·
1004 1178 1192 1238 animo
1207 1194 1386 1239 autem
1408 1196 1466 1239 et
1490 1201 1648 1259 prae-

342 1260 345 1265 ’
440 1267 619 1342 terim,
648 1281 708 1325 et
734 1263 945 1326 futura.
992 1279 1057 1323 ut
1084 1265 1234 1323 enim
1263 1286 1433 1344 aeque
1464 1265 1648 1327 dolea-

438 1372 559 1413 mus
580 1352 799 1429 animo,
818 1372 947 1413 cum
962 1370 1202 1431 corpote
1220 1350 1504 1411 dolemus.
1533 1350 1654 1413 fieri

442 1453 625 1499 tamen
657 1459 961 1519 permagna
990 1436 1212 1499 acceffio
1240 1436 1440 1519 potest,
1475 1436 1518 1500 fi
1551 1438 1654 1499 ali·

439 1524 593 1605 quod
633 1540 919 1585 aeternum
944 1540 1003 1585 et
1031 1524 1311 1586 infinitum
1340 1524 1655 1606 impendere

438 1612 645 1673 malum
662 1614 831 1672 nobis
845 1613 1157 1692 opinemur.
1198 1612 1352 1693 quod
1366 1613 1510 1673 idem
1523 1612 1655 1673 licet

442 1699 739 1759 transferre
754 1700 816 1761 in
831 1700 1195 1780 voluptatem,
1212 1716 1275 1759 ut
1288 1720 1352 1759 ea
1365 1700 1547 1777 major
1563 1698 1653 1777 fit,

439 1783 482 1845 fi
495 1786 638 1845 nihil
654 1786 763 1846 tale
776 1802 1106 1848 metuamus,
1147 1787 1264 1863 jam
1280 1785 1415 1847 illud
1430 1785 1654 1866 quidem

442 1870 789 1952 perspicuum
804 1870 899 1951 est,
921 1875 1222 1933 maximam
1237 1873 1407 1933 animi
1428 1888 1523 1931 aut
1543 1893 1654 1932 vo·

444 1958 735 2038 luptatem,
758 1974 853 2019 aut
864 1958 1164 2019 molestiam
1187 1958 1308 2039 plus
1324 1973 1419 2017 aut
1432 1956 1504 2017 ad
1524 1960 1654 2017 bea-

448 2058 583 2119 tam,
605 2062 700 2105 aut
726 2046 797 2107 ad
825 2044 1079 2107 miseram
1107 2047 1282 2105 vitam
1310 2041 1506 2104 afferre
1532 2065 1655 2105 mo-

444 2132 642 2208 menti,
668 2153 835 2213 quam
862 2154 1055 2193 eorum
1084 2133 1384 2208 utrumviS,
1413 2131 1452 2193 fi
1483 2152 1656 2214 aeque

444 2215 540 2276 diu
555 2216 621 2277 fit
635 2220 968 2301 incorpore.
1002 2241 1123 2280 non
1139 2219 1318 2300 placet
1332 2235 1537 2293 autem,
1561 2221 1654 2280 de·

446 2309 615 2364 tracia
655 2306 947 2386 voluptate
962 2350 982 2382 ,
1035 2306 1434 2385 aegritudinem
1478 2305 1655 2389 statim

443 2390 736 2470 consequi,
766 2391 869 2451 nifi
892 2394 953 2451 in
966 2392 1270 2475 voluptatis
1290 2393 1478 2454 locum
1493 2392 1658 2452 dolor

442 2477 591 2537 forte
608 2476 933 2539 successerit:
959 2495 1019 2539 at
1033 2496 1252 2555 contra,
1274 2478 1508 2557 gaudere
1525 2477 1656 2539 nos-

442 2579 560 2623 met
590 2565 916 2626 omittendis
948 2566 1258 2642 doloribus,
1287 2567 1453 2624 etiam
1481 2562 1522 2623 fi
1550 2587 1658 2625 vo-

442 2649 633 2729 luptas
647 2673 877 2731 ea,quae
892 2651 1100 2715 sensum
1116 2666 1361 2727 moveat,
1373 2650 1524 2709 nulla
1541 2649 1656 2709 suc-

445 2735 680 2796 cefferit:
665 2760 875 2818 ·eoque
889 2740 1122 2821 intelligi
1135 2738 1677 2823 potest,quamauo-

436 2822 618 2895 ’‘Pl-²8
636 2822 713 2947 ft
734 2844 857 2884 non
893 2826 1126 2892 dolere.
1177 2828 1284 2896 sed
1311 2844 1388 2892 ut.
1415 2828 1492 2891 'us
1515 2824 1717 2889 *noxus

1060 2925 1122 2979 D
