2167 3667
330 386 467 447 LIBER
487 384 730 445 SECUNDUS.
784 402 835 464 ¹33

226 493 370 577 probitate
387 488 469 572 ipsus
486 490 672 553 nemoribus.
706 511 772 552 nam
787 488 836 552 illu

226 577 435 643 commendatio
442 596 604 658 puerorum,
614 578 835 638 memoriaetca·

226 671 297 729 ritae
306 665 455 739 amicitiae,
462 659 632 723 summorum
639 662 795 725 officiorum
803 667 835 725 in

225 770 356 815 extremo
366 749 464 831 spiritu
472 745 660 825 conservatio,
672 748 778 810 indicat
789 752 835 812 in·

226 856 324 902 natam
330 837 496 899 ellehomini
503 836 670 916 probitatem
674 838 835 915 gratuitam,

226 947 289 988 non
308 926 458 987 invitatam
471 922 677 1003 voluptatibus,
688 942 740 984 nec
756 943 836 1005 prae·

226 1014 349 1076 miorum
356 1009 529 1073 mercedibus
538 1023 694 1071 evocatam.
717 1010 794 1091 quod
806 1030 836 1071 e·

225 1102 287 1162 nim
293 1098 481 1161 testimonium
487 1095 578 1174 majus
587 1099 757 1176 quaerimus,
765 1116 836 1178 quac

225 1185 340 1249 honesla
353 1200 383 1245 et
394 1186 468 1244 recta
483 1181 550 1261 fint,
560 1181 619 1265 ipsa
633 1181 685 1243 elle
701 1184 836 1264 optabilia

225 1294 275 1355 per
283 1271 353 1334 scset
365 1269 580 1333 eumvideamus
590 1285 669 1330 tanta
676 1265 767 1329 officia
773 1291 837 1331 mo·

226 1360 341 1419 rienus?
354 1357 413 1434 sed,
423 1373 456 1417 ut
466 1354 609 1437 epistolam
616 1354 782 1417 laudandam
790 1376 835 1418 ar·

226 1446 319 1506 bitror
329 1462 482 1525 enn,qurm
488 1443 575 1505 modo
582 1442 834 1505 totidemserever·

226 1533 272 1592 his
278 1534 474 1612 interpretatus
481 1528 835 1612 sum,(quanquameacum

226 1616 335 1681 summa
346 1618 408 1697 ejus
416 1615 572 1699 philosophi
580 1618 659 1678 nullo
669 1617 755 1680 modo
763 1639 833 1679 con·

226 1708 366 1786 gruebat)
379 1703 415 1765 lic
429 1701 549 1783 ejusdem
564 1703 755 1767 testamentum
772 1725 834 1765 non

227 1791 319 1856 solum
333 1813 349 1851 a
365 1788 520 1871 philosophi
532 1793 679 1871 gravitate,
690 1789 734 1852 sed
749 1793 834 1852 etiarn

227 1882 264 1941 ab
289 1876 372 1959 ipsius
393 1874 528 1939 sententia
546 1877 645 1956 judico
663 1874 835 1956 discrepare-0

226 1964 427 2047 scripsitenim,
442 1980 472 2025 et
485 1965 583 2026 multis
598 1962 676 2045 saepe
689 1965 796 2040 verbis,
805 1980 836 2025 et

227 2055 348 2115 breviter
359 2068 489 2134 apteque,
502 2053 533 2111 in
545 2051 670 2127 eolibro,
678 2072 761 2133 quem
772 2072 834 2113 mo·

227 2139 267 2201 do
274 2140 432 2216 nominavi,
444 2138 582 2199 ‘mortem
590 2137 659 2199 nihil
666 2138 700 2198 ad
708 2159 762 2200 nos
771 2159 835 2221 pet·

227 2225 239 2261 ‘
251 2229 349 2289 tinere.
361 2224 439 2307 quod
446 2226 522 2285 enirn
529 2223 686 2287 dissolutum
692 2224 735 2303 stt,
745 2225 775 2286 id
781 2224 835 2287 else

228 2312 308 2375 ‘fine
321 2311 419 2375 sensue
432 2310 510 2392 quod
524 2328 617 2374 autem
631 2311 686 2374 line
697 2311 775 2375 sensu
789 2310 836 2387 fit,

227 2400 239 2435 ‘
251 2401 280 2461 id
290 2400 362 2461 nihil
370 2399 595 2461 omninoadnor
603 2390 764 2481 pertinere!
779 2402 836 2459 hoc

228 2487 318 2569 ipsum
328 2487 481 2565 elegantius
493 2488 563 2567 poni
574 2483 723 2565 meliusque
730 2485 835 2564 potuit.

228 2596 295 2635 narn
307 2573 385 2655 quod
394 2575 434 2632 ita
445 2570 563 2653 pofitum
574 2571 623 2648 est,
634 2570 713 2646 quod
724 2567 841 2630 dissolu-

227 2676 290 2723 tum
298 2659 342 2737 fit,
351 2661 379 2721 id
387 2658 440 2721 else
447 2658 505 2723 fine
512 2650 862 2738 senlnsmeqnimuth»

223 2764 328 2815 utnon
336 2746 406 2817 uris
420 2749 511 2839 plane
519 2750 617 2830 (licat,
625 2738 753 2833 quinut-
758 2731 889 2801 δῶν

524 2850 618 2922 Gi.
