2167 3667
344 520 713 606 urussu'rrtruus.
793 547 826 607 61

226 650 278 715 rifi
287 670 377 732 neque
386 651 528 713 amicoret
537 648 721 734 nosmetipsos
731 649 830 730 diligt·

226 761 305 802 mut:
320 738 427 801 idcirco
436 754 465 799 et
474 740 529 799 hoc
535 736 624 819 ipsum
635 738 788 800 efficiturin
799 759 831 799 a·

226 827 343 901 micitia,
356 841 386 885 et
396 826 519 885 micitia
532 845 594 885 cum
605 825 748 905 volupnte
759 845 831 887 con·

225 915 355 975 nectitur.
364 911 830 972 uometlactamurumicorumlte·

226 1000 290 1060 titia
299 1018 386 1079 oeque
394 1013 479 1078 atque
489 995 593 1073 nostru,
605 1012 633 1057 et
639 999 742 1079 puriter
751 997 831 1059 dole·

227 1104 290 1147 mut
303 1086 465 1163 angoribus.
488 1086 619 1164 quocirca
633 1084 731 1145 codem
742 1084 829 1145 modo

227 1170 394 1254 sopienterit
403 1168 723 1249 affecturetptmicum,
734 1191 793 1252 quo
800 1171 831 1230 in

224 1255 355 1340 seipsum:
371 1255 497 1338 quosque
506 1256 614 1319 labores
629 1274 744 1339 propter
754 1256 831 1319 suam

224 1346 399 1426 voluptatem
409 1341 571 1425 susciperet,
582 1342 689 1405 eosdem
707 1342 832 1425 suscipiet

224 1447 343 1514 propter
357 1432 436 1493 amici
451 1429 640 1510 voluptutemr
658 1452 783 1511 quaeque
797 1430 833 1491 de

225 1513 537 1592 virtutibutdictasunt,
545 1514 774 1597 quemadmodum
782 1520 833 1577 hue

225 1604 529 1686 sempervoluptatibut
536 1604 789 1681 inhaerent,eodem
797 1602 832 1664 de

225 1693 351 1753 amicitia
368 1688 485 1751 dicenda
498 1688 572 1751 suut.
603 1692 739 1773 praeclare
755 1694 831 1752 enim

226 1780 364 1861 Epicurus
375 1779 419 1837 hio
430 1797 517 1858 paene
528 1780 634 1838 verbist
648 1778 658 1811 ‘
670 1778 778 1855 codem,
787 1778 832 1838 in·

225 1864 238 1899 ‘
250 1866 325 1946 quit,
338 1863 451 1926 scientia
461 1863 636 1927 confirmavit
646 1866 781 1940 animum,
798 1885 834 1924 ne

228 1950 241 1987 ‘
253 1949 333 2030 quod
342 1965 389 2011 aut
398 1949 604 2033 sempiternum,
615 1967 663 2012 aut
673 1952 835 2012 diuturnum

227 2036 241 2071 ‘
254 2037 486 2109 timeretmaium3
499 2058 570 2117 quae
578 2036 726 2118 perspexit,
738 2040 768 2096 in
780 2041 834 2099 hoc

228 2122 312 2203 ‘ipso
327 2127 399 2185 vitae
414 2123 503 2205 spotio
518 2124 656 2185 amicitiae
674 2121 834 2203 praefidium

230 2208 305 2271 ‘eise
319 2210 516 2272 firrniffimum.’
537 2209 602 2270 sunt
616 2225 706 2271 autem
722 2208 834 2292 quidam

228 2301 358 2379 Epicurei
373 2296 526 2357 timidiores
537 2297 619 2377 paulo
635 2316 734 2359 contra
749 2298 835 2359 vestra

227 2386 370 2461 convicia,
385 2383 429 2443 sed
441 2399 535 2444 tamen
547 2383 609 2444 satis
625 2387 710 2462 ocuti,
725 2389 774 2466 qui
786 2408 834 2446 ve·

226 2487 338 2547 rentur,
349 2492 397 2547 ne,
409 2469 582 2532 fiamicitiam
591 2489 704 2553 propter
714 2473 836 2535 nostram

186 2616 191 2627 ,
223 2559 403 2639 voluptutem
418 2558 601 2638 expetendam
616 2576 756 2640 putemus,
775 2575 836 2617 toto

227 2647 352 2705 amicitia
369 2642 444 2724 quasi
459 2644 608 2705 claudicare
624 2645 760 2704 videatur.
784 2646 836 2704 ito·

227 2752 285 2811 que
300 2734 405 2811 primos
421 2729 579 2809 congreffus
595 2728 838 2810 copulationesque

229 2815 837 2878 etcottsuetudiuuminstituendorumuoiuu·

226 2919 298 2965 tutes
306 2903 369 2967 ieri
374 2921 498 2994 propter
508 2908 714 2996 uoluptatum:
734 2920 864 2966 cumu-

470 3007 505 3063 D
522 3020 538 3085 5
