2167 3667
350 714 503 773 uranu
527 715 723 774 paruus.
809 734 845 795 25

237 814 357 898 ‘panus
374 816 492 879 ancillae
504 816 577 880 sitne
590 820 621 879 iu
636 818 725 880 fiudu
740 820 847 883 lrabea-

238 902 705 987 ‘clua,’dilsereturiuterprincipea
711 910 847 985 civitatis,

236 996 267 1054 P.
280 992 453 1066 Scaevolam,
465 996 520 1055 Μ’.
533 993 692 1069 Manilium,
704 995 738 1055 ab
749 996 846 1077 hisque

235 1085 278 1141 Μ.
289 1084 392 1139 Brutus
400 1077 634 1161 dissentietquod
642 1095 671 1139 et
678 1097 788 1141 acutum
797 1102 845 1160 ge·

235 1163 845 1241 nnsestptadusuaciviumnoninuulemos·

235 1272 291 1333 que
297 1274 330 1312 ea
337 1250 439 1332 scripta
447 1252 605 1334 reliquaque
611 1250 728 1331 ejusdem
736 1254 844 1332 generis

235 1353 265 1397 et
277 1338 396 1416 legimus
411 1337 544 1414 libenter,
563 1355 592 1398 et
606 1339 746 1418 legemus:
765 1342 845 1418 haec,

236 1444 307 1505 quac
314 1427 403 1485 vitam
414 1428 565 1485 continent
571 1446 694 1502 omnem,
703 1426 845 1505 negligen-

236 1513 301 1572 tur?
314 1533 393 1587 nam,
404 1527 437 1570 ut
448 1510 502 1572 fint
513 1511 560 1571 illa
570 1512 762 1587 vendibiliora,
777 1516 845 1573 haec

236 1601 366 1659 uberiora
377 1613 451 1659 certe
466 1597 539 1659 sunt.
564 1618 724 1680 quanquam
739 1599 767 1657 id
783 1602 846 1679 qui-

236 1686 300 1746 dem
316 1686 409 1745 licebit
425 1688 459 1744 iia
475 1684 638 1760 existimare,
655 1687 704 1764 qui
718 1683 845 1763 legerint.

236 1795 293 1835 nos
304 1785 398 1832 autem
409 1774 481 1833 hanc
491 1793 603 1833 omnem
615 1770 800 1853 quaestionem
810 1772 846 1834 de

236 1860 489 1922 linibusbonorum
497 1860 667 1920 etmalorum
675 1859 845 1920 fereanobis

237 1946 405 2028 explicatam
419 1944 472 2006 elle
483 1947 516 2005 iia
528 1945 616 2007 literis
628 1947 803 2021 arbitramur,
814 1948 845 2004 in

238 2036 354 2115 quibus,
372 2049 507 2114 quantum
518 2035 672 2117 potuimus,
687 2052 747 2093 non
759 2030 846 2093 modo

239 2120 310 2201 quid
325 2122 408 2179 nobis
419 2123 592 2200 probaretur,
603 2119 648 2180 sed
659 2121 741 2179 etiam
752 2117 847 2198 quida

239 2205 355 2287 singulis
372 2205 560 2288 philosophiae
574 2204 725 2285 disciplinis
743 2205 848 2264 dicere·

220 2310 298 2369 5tur,
310 2290 442 2374 persecuti
450 2291 552 2354 sumus.
596 2299 636 2352 Ut
647 2305 737 2350 autem
747 2288 847 2350 asacil·

241 2381 315 2442 limis
323 2380 474 2456 ordiamur,
487 2383 576 2461 prima
582 2380 678 2439 veniat
686 2380 715 2437 in
727 2377 848 2438 medium

241 2469 359 2550 Epicuri
372 2470 456 2542 ratio,
479 2486 549 2546 quae
563 2463 698 2546 plerisque
712 2465 848 2525 notiffima

241 2550 849 2634 eslzquamanobisficintelligesexpofitam,

241 2656 274 2702 ut
281 2644 316 2701 ab
323 2638 398 2719 ipsis,
407 2641 523 2719 quieam
535 2636 704 2718 disciplinam
716 2639 850 2719 probant,

242 2747 304 2788 non
319 2725 406 2786 soleat
416 2726 570 2786 accuratius
585 2724 728 2804 explicari.
751 2742 849 2783 verum

244 2809 850 2888 eniminvenirevolumus,nontanquamad·

243 2897 393 2960 versarium
401 2898 520 2978 aliquem
528 2899 705 2958 convincere.
725 2911 851 2954 accurate

245 3001 337 3045 autem
348 2984 490 3063 quondam
498 3004 514 3042 a
522 2989 560 3044 L.
569 2981 857 3067 Torquato,lrom‘mc

236 3068 878 3158 mardooruaerudito,defenlaeuupau·
