2167 3667
217 728 220 734 ,
258 670 652 728 urnnnsncuunus.
707 687 759 743 ης

199 772 409 853 rnetatiarqnod
417 771 520 833 Croeso
528 770 621 833 scribit
629 771 760 835 Herodo-

199 876 387 945 rpraeeeptum
396 859 532 920 aselone.
542 860 657 935 etenim,
665 880 760 939 quern·

199 948 311 1011 nodum
325 960 385 1006 tute
396 946 518 1021 dicebas,
529 960 613 1024 negat
623 948 759 1027 Epicurus

199 1036 370 1097 eternitatem
376 1032 490 1113 quidem
497 1032 629 1112 temporie
640 1032 761 1095 adbeate

199 1120 312 1181 rendum
322 1118 427 1201 aliquid
437 1116 549 1193 afferre,
563 1139 616 1179 nec
624 1120 763 1181 minorem

200 1206 333 1291 inputem
347 1207 452 1286 percipi
461 1207 494 1265 in
508 1206 643 1267 breviante
653 1221 763 1289 mpo-

200 1314 306 1377 ,quam
316 1289 392 1353 fiilia
401 1290 434 1353 fit
446 1290 618 1373 sempiterni.
642 1296 709 1355 haee
720 1293 763 1355 di·

200 1377 522 1443 nturincnnstantiffirne.
536 1378 763 1443 cumeninrsnm·

200 1488 237 1529 trn
246 1470 356 1527 bonum
367 1467 397 1527 in
412 1464 556 1545 voluptate
567 1481 667 1545 ponat,
681 1483 764 1545 negat

200 1554 273 1617 inito
284 1566 410 1632 tempore
417 1552 694 1632 aeratiwoluptarem
705 1551 765 1613 fieri

200 1636 703 1722 periermquamfinitnatquernodico.
716 1641 766 1721 qui

200 1746 270 1787 num
282 1738 365 1787 eunte
375 1727 406 1785 in
417 1728 522 1785 virtute
533 1727 625 1806 ponit,
638 1727 662 1785 is
677 1726 765 1806 potest

200 1832 253 1875 rere
269 1810 362 1891 perfici
374 1813 482 1873 beatam
496 1812 582 1871 vitam
598 1812 766 1892 perfceiione

200 1900 286 1961 tutis:
298 1896 463 1977 negatenim
471 1896 575 1957 summo
584 1900 661 1957 bono
669 1898 767 1961 afferre

200 2001 366 2047 :retnenturn
373 1985 455 2045 dietn.
468 1986 614 2064 quiantem
622 1984 767 2064 voluptate

200 2088 253 2133 rant
271 2070 342 2131 effici
358 2074 463 2131 benum
480 2072 600 2152 putabit,
615 2073 664 2149 qui
679 2070 726 2131 fibi
741 2075 766 2133 is

200 2159 325 2233 nveniet,
335 2156 355 2217 fi
366 2159 479 2237 negabit
485 2157 657 2234 voluptatem
665 2155 767 2219 cresce·

200 2246 420 2326 longinquitate?
432 2247 561 2323 igiturne
570 2242 766 2324 doloremqui·

200 2354 238 2395 m.
261 2354 299 2393 an
310 2332 392 2392 dolor
404 2330 573 2410 longissimus
585 2328 698 2410 quisque
713 2335 767 2393 mi·

200 2420 307 2479 rimusr
323 2419 767 2498 voluptatemnonoptabiliorem
835 2490 840 2499 ι

200 2509 335 2567 aturriitna
343 2504 428 2564 facit?
442 2504 510 2583 quid
520 2503 557 2562 est
565 2505 660 2582 igitur,
673 2508 768 2565 curitn

200 2613 268 2673 uper
276 2592 358 2652 deum
366 2590 485 2671 appellet
493 2592 629 2670 Epicurus
638 2592 650 2623 ⁴
660 2595 768 2653 beatum

201 2694 367 2739 taeternurn
376 2679 396 2735 i'
408 2679 518 2757 dempta
525 2680 600 2739 enim
609 2679 769 2737 aeternitate

201 2763 257 2825 hilo
270 2765 378 2825 beatior
389 2765 506 2844 Jupiter,
523 2783 606 2842 quam
622 2765 769 2841 Epicurus.

201 2871 284 2931 arque
301 2850 376 2909 enim
394 2847 499 2909 summo
514 2849 722 2921 honestetur,
742 2847 771 2905 id

201 2938 378 3017 :,eoluptate.
403 2930 787 2997 atenimtucctxamunxere.

201 3044 261 3087 eum
269 3024 355 3087 nihili
367 3025 458 3091 facite
471 3028 514 3087 nit
521 3014 820 3097 cernicinum„

301 3126 321 3166 Ψ
477 3124 506 3180 G
