2167 3667
329 685 463 741 LIBER
483 684 695 753 QUINTUS·
761 701 816 759 297

216 785 614 864 nectesvidereoptinasnec
621 785 819 865 agerepoffitit.

217 872 330 931 virtutis
337 873 410 930 enim
421 875 571 949 beataeque
582 873 666 944 vitae,
678 891 747 949 qnae
759 872 817 934 du'o

217 958 339 1018 maxime
346 956 499 1036 expetenda
506 955 663 1030 sunnserius
672 957 819 1040 lumenap-

218 1058 307 1122 putet:
319 1043 408 1105 multo
415 1045 498 1102 etiam
506 1040 601 1118 serius,
609 1042 741 1121 utplane,
749 1064 819 1121 qua·

218 1125 257 1190 iia
274 1128 343 1205 fint,
360 1129 561 1206 intelligantur.
591 1129 729 1208 praeclare
744 1133 823 1190 enim¹

218 1215 310 1292 Plato,
326 1217 467 1291 ‘bennun
479 1217 524 1276 eui
538 1216 622 1275 etium
637 1216 667 1275 in
683 1213 820 1276 senetiute

217 1300 233 1365 ἦ
241 1303 401 1382 contigerit,
413 1320 444 1363 ut
451 1301 611 1382 sapientiam
619 1300 749 1379 venasque
757 1304 820 1382 opi·

217 1388 233 1431 ‘·
240 1390 342 1449 nioues
351 1387 449 1468 assequi
457 1389 558 1469 posfit.’
580 1408 675 1467 quare,
687 1390 822 1467 quoniam

217 1476 252 1537 de
261 1478 357 1555 primis
366 1491 479 1535 naturae
486 1475 641 1536 commodis
647 1472 710 1533 satis
718 1475 822 1537 didium

217 1562 270 1634 est,
290 1584 366 1622 nunc
381 1561 415 1621 de
434 1562 603 1639 majoribus,
624 1558 820 1641 consequenti·

216 1647 322 1726 busque
332 1649 485 1708 videamus.
508 1658 608 1708 natura
619 1649 703 1726 igitur
717 1664 820 1727 corpus

218 1734 331 1814 quidem
338 1736 458 1794 hominis
470 1733 546 1793 ficet
555 1736 662 1811 gennit,
677 1751 706 1794 et
716 1733 822 1794 forma·

217 1823 272 1895 vit,
283 1828 315 1879 u't
322 1820 375 1879 alia
382 1823 413 1879 in
424 1823 515 1899 primo
526 1836 589 1880 ortu
602 1820 756 1900 perficeret,
768 1821 825 1881 alin

217 1906 412 1988 progrediente
422 1922 508 1966 aetate
516 1907 644 1984 fingeret3
657 1926 747 1986 neque
758 1903 822 1967 sane

217 1993 337 2054 multum
344 1992 509 2071 adjumentis
522 1995 644 2053 externis
655 2006 684 2053 'et
695 1992 822 2052 adventi·

218 2081 266 2139 tiis
274 2095 405 2140 uteretur.
429 2083 551 2139 animum
559 2095 649 2139 autem
658 2079 769 2157 reliquis
778 2099 824 2143 re·¹
913 2110 916 2117 ·

218 2167 269 2225 bus
277 2168 316 2226 ita
322 2158 446 2250 perfecit,
454 2181 485 2225 ut
493 2187 606 2246 corpus.
620 2164 821 2225 senfibusenim

217 2256 330 2314 ornavit
344 2252 379 2312 ad
394 2274 438 2312 res
450 2253 638 2334 percipiendas
654 2251 773 2326 idoneis,
788 2267 822 2311 ut

217 2340 416 2415 nihilnutnon
424 2338 542 2400 multum
549 2339 710 2418 adjumento
718 2337 776 2397 ullo
784 2337 820 2397 ad

217 2424 556 2486 suamconformationem
571 2427 719 2503 indigeret.
742 2424 821 2503 quod

219 2528 311 2572 autem
318 2514 349 2570 in
357 2513 470 2571 homine
479 2509 729 2590 praestantissimum
737 2526 821 2591 utque

218 2601 358 2678 optimum
369 2597 417 2673 est,
429 2597 458 2657 id
473 2596 600 2659 deseruit.
623 2597 672 2658 etfi
687 2596 764 2657 dedit
779 2612 821 2656 ta·

217 2687 272 2747 lem
281 2700 414 2756 mentem,
425 2705 496 2764 quae
508 2684 822 2762 omnemvirtutetnjam

218 2776 341 2852 accipere
349 2769 447 2852 posset,
462 2773 644 2850 ingenuitque
655 2769 711 2829 fine
719 2769 823 2833 doetu-

219 2860 380 2919 nanotitiae
389 2877 487 2936 parvas
496 2879 587 2917 rerum
595 2858 824 2928 maximarum‚et

219 2943 294 3024 quafi
305 2943 421 3004 instituit
436 2943 546 3018 docere,
565 2960 593 3002 et
607 2941 720 3001 induxit
734 2941 764 2996 in
780 2959 824 3014 eu,

217 3023 847 3114 quaeinerant,nnqnamuenenennuxu<xx·

504 3126 583 3196 οι
873 3096 894 3223 t
