2167 3667
332 742 466 797 Lmnu
486 741 701 812 QUINTUS.
772 760 828 819 305-

224 842 354 903 acerrime
361 840 650 921 concupivillet‚tanta
657 844 833 926 laetitiapeeq

223 926 305 987 fimdi
312 929 598 1007 arbitramur,quanta
606 946 654 989 aut
661 927 829 1009 superiorem

224 1013 388 1075 Africanum
397 1015 534 1073 Annibale
541 1016 630 1074 vidlo:
640 1032 688 1075 aut
695 1015 828 1095 posterio-

224 1122 284 1161 rem
296 1103 462 1177 Carthagine
477 1098 581 1160 eversa?
597 1121 680 1181 quem
693 1104 830 1165 Tiberina

224 1185 359 1264 decurllo,
369 1186 438 1247 fello
445 1186 495 1246 illo
502 1186 560 1262 dic,
567 1201 646 1246 tanto
653 1186 755 1264 gaudio
763 1188 829 1249 uffe-

224 1277 275 1351 cit,
286 1290 394 1353 quanto
402 1281 438 1334 L.
446 1272 574 1350 Paulum,
585 1294 648 1332 cum
660 1293 752 1351 regem
763 1280 829 1335 Per·

224 1359 272 1422 sen
290 1377 402 1441 captum
419 1359 583 1434 adduceret,
602 1358 699 1419 eodem
714 1360 829 1421 flumine

224 1447 380 1508 invedum?
389 1444 832 1525 agenunc,Lucinoller‚exllme

225 1536 320 1593 animo
333 1532 505 1592 altitudinem
515 1531 762 1613 excellentiamque
773 1537 831 1594 vie·

225 1634 316 1679 tutum
326 1641 334 1677 e
344 1619 404 1696 jam
417 1639 477 1677 non
488 1617 639 1694 dubitabis,
651 1620 721 1697 quin
737 1640 830 1683 earum

225 1722 369 1783 compotes
377 1708 518 1780 homines,
530 1726 633 1782 magno
649 1707 744 1766 animo
756 1727 830 1767 erec·

226 1807 313 1869 toque
328 1794 467 1866 viventes,
482 1789 586 1871 semper
603 1789 656 1851 fint
672 1795 764 1854 beati:
781 1797 830 1872 qui

225 1877 559 1938 omnesmotusfortunae
565 1881 783 1958 mutationesque
790 1902 831 1941 re-

224 1981 322 2025 tumet
330 1981 488 2045 temporum
497 1964 572 2023 leves
585 1980 613 2023 et
624 1966 773 2026 imbecilles
785 1967 831 2025 fo·

224 2073 254 2111 re
262 2051 429 2129 intelligant,
440 2050 497 2110 ssiu
508 2053 621 2111 virtutis
633 2068 772 2111 certamen
781 2072 829 2113 ve·

225 2140 330 2199 nerine.
354 2138 400 2197 illa
412 2140 498 2212 enim,
510 2159 580 2217 quae
587 2137 765 2198 suntanobis
778 2142 829 2199 bo·

225 2227 394 2306 nacorporis
407 2241 561 2300 numerata,
574 2224 715 2302 complent
724 2245 755 2284 ea
766 2228 828 2304 qui·

223 2312 286 2372 dem
301 2312 476 2372 beatisfimam
493 2313 592 2385 vitam,
603 2309 649 2369 sed
665 2313 716 2384 ita,·
728 2327 759 2370 ut
774 2311 830 2371 fine

222 2400 456 2479 ’dlispollitbeata
470 2400 529 2457 vita
539 2396 672 2457 exlistcre.
696 2400 735 2457 ita
754 2400 830 2458 enim

223 2506 323 2566 parvae
337 2501 366 2543 ct
380 2486 494 2561 exiguae
510 2482 574 2542 sunt
589 2482 651 2541 istae
668 2485 830 2544 accessiones

223 2574 375 2645 bonorum,
387 2586 428 2644 ut,
444 2569 677 2649 quemadmodum
694 2568 783 2628 llellnc
798 2573 830 2629 in

224 2657 302 2718 radio
311 2656 385 2731 solis,
404 2655 830 2734 ficistaeinvirtutumsplendo-

225 2764 254 2802 re
271 2764 306 2801 ne
321 2760 468 2802 cernantur
484 2743 607 2822 quidem.
631 2758 714 2820 atque
729 2746 783 2801 hoc
799 2761 830 2803 ut

224 2851 289 2888 vere
301 2829 411 2905 dicitur,
423 2852 509 2910 parva
519 2828 571 2889 elle
587 2830 621 2887 ad
637 2831 715 2888 beate
730 2831 830 2889 viven-

225 2917 290 2976 dum
306 2934 447 2976 momenta
461 2916 509 2976 ista
524 2917 650 2997 corporis
667 2918 830 2976 commodo·

220 3026 305 3074 xum3
320 3002 354 3062 lic
364 3007 447 3064 nimis
460 3005 614 3065 violentum
631 3002 678 3080 est,
690 3005 766 3064 nulla
781 3002 831 3063 elle

224 3091 325 3156 dicere.
344 3087 854 3176 qulcninlucuumumuuux-
