2167 3667
637 698 929 755 LmER
979 696 1459 754 SECUNDUS.
1590 706 1662 777 '9⁷

444 821 601 882 quam
618 801 916 863 communi
932 800 1184 859 'omnium
1195 799 1433 877 judicic,
1450 817 1506 861 et
1519 804 1666 885 opti·-

446 890 513 949 mi
530 887 801 968 cujusque
818 885 1012 946 studiis
1034 902 1199 966 atque
1214 888 1394 948 factis:
1419 892 1514 969 qui
1537 912 1664 971 per.

440 974 617 1034 multa
631 978 707 1034 ob
722 994 841 1033 eam
858 994 1032 1032 unam
1048 972 1258 1033 eausam
1275 974 1504 1051 faciunt,
1525 980 1660 1057 quia

448 1061 625 1135 decet,
649 1064 783 1141 quia
812 1064 1047 1136 mitum,
1076 1062 1206 1139 quia
1227 1062 1514 1120 honestum
1531 1062 1658 1139 'estg

448 1146 541 1207 etfi
552 1146 769 1205 nullum
785 1144 1206 1206 consecuturum
1225 1146 1660 1209 emolumentum

448 1234 667 1293 vident.
714 1234 969 1291 homines
984 1235 1156 1306 enim,
1181 1234 1274 1292 etfi
1299 1234 1420 1292 aliis
1444 1236 1658 1312 multia,

450 1335 635 1379 tamen
654 1322 761 1379 hoc
776 1339 895 1379 uno
922 1342 953 1377 a
970 1318 1154 1377 bestiis
1183 1320 1474 1399 plurimum
1499 1321 1656 1383 diff-:⁵

448 1423 600 1481 runt,
634 1406 793 1485 quod
822 1408 1098 1465 rationem
1132 1408 1367 1465 habeant
1397 1430 1430 1466 a
1459 1425 1657 1471 natura

448 1492 651 1568 datam,
676 1508 1032 1571 mentemque
1062 1508 1120 1551 et
1151 1514 1352 1569 acran,
1376 1509 1434 1552 et
1461 1498 1658 1573 vigen-

446 1596 589 1641 tem:
624 1580 1017 1653 celerrimeque
1046 1580 1220 1637 mt.!ta
1253 1578 1405 1637 fimul
1445 1581 1660 1659 agitanss

452 1682 581 1743 tem,
602 1684 683 1741 et,
708 1680 773 1725 ut
802 1668 879 1725 ita
908 1666 1110 1735 dicam,
1137 1665 1370 1743 sagacem
1393 1689 1410 1725 t
1435 1688 1574 1747 quae
1603 1684 1662 1728 et

440 1752 629 1813 causas
670 1774 875 1825 rerum,
914 1760 971 1811 e't
1000 1752 1416 1812 consecutiones
1443 1754 1658 1833 videat,

440 1856 501 1901 .et
529 1840 913 1901 fimilitudines
946 1839 1258 1913 transferat,
1301 1858 1356 1899 et
1386 1842 1660 1919 disjunffl

442 1928 794 2005 conjungat,
834 1942 891 1986 et
921 1947 1045 1985 cum
1080 1926 1446 2005 praesentibus
1475 1930 1660 1988 futura

448 2014 699 2095 copulet,
728 2034 1064 2090 omnemque
1089 2014 1481 2092 complectatur
1510 2019 1660 2076 vitae

446 2100 842 2180 consequentis
858 2099 1071 2159 sthtum.
1112 2100 1408 2178 eademque
1421 2106 1563 2161 ratio
1579 2102 1658 2161 fe·

446 2191 523 2249 cit
536 2190 825 2247 hominem
842 2189 1132 2245 hominum
1143 2202 1488 2265 appetentem
1493 2208 1662 2261 ,curm

448 2294 557 2354 que
582 2278 671 2333 his
694 2290 914 2347 natura,
938 2290 995 2333 et
1022 2271 1296 2346 sermone,
1321 2288 1375 2330 et
1398 2270 1496 2331 usu
1520 2294 1660 2334 con·

448 2374 761 2439 gruentem,
786 2379 848 2421 ut
864 2360 1142 2442 profeetus
1166 2381 1198 2417 a
1221 2362 1446 2419 caritate
1469 2360 1660 2422 dome-

450 2446 707 2508 sticorum
732 2470 795 2508 ac
812 2446 1034 2507 suorum
1060 2445 1236 2526 serpat
1259 2446 1503 2526 longius,
1527 2466 1584 2508 et
1607 2448 1660 2509 st

452 2534 693 2613 implicet
709 2537 947 2615 primum
968 2533 1192 2606 civium,
1204 2532 1400 2592 deinde
1409 2539 1661 2597 omnium

452 2622 764 2681 mortalium
782 2620 1060 2679 societate:
1081 2634 1266 2699 atque,
1280 2636 1342 2679 ut
1359 2622 1423 2681 ad
1443 2628 1660 2702 Archy-

454 2722 564 2765 tam
580 2705 783 2788 scripfit
802 2706 981 2779 Plat0,
999 2707 1016 2737 ‘
1036 2727 1154 2765 non
1171 2705 1264 2766 fibi
1285 2705 1336 2765 se
1351 2706 1448 2766 soli
1466 2724 1658 2769 natum

454 2792 476 2823 ‘
494 2796 831 2865 meminerit,
845 2791 929 2851 sed
946 2794 1173 2871 patriae,
1187 2791 1274 2853 sed
1291 2792 1442 2865 suis,’
1459 2810 1522 2852 ut
1537 2816 1660 2874 per-

454 2882 650 2957 exigua
674 2900 803 2959 pars
828 2876 927 2959 ipsi
960 2880 1320 2959 relinquatur.
1369 2894 1424 2937 et
1455 2882 1661 2959 quoni·-

450 2987 539 3025 am
572 2966 760 3025 eadem
793 2980 988 3025 natura
1017 2967 1380 3048 cupiditatem
1407 2966 1676 3042 ingenuit

440 3054 663 3113 homiui
695 3055 814 3116 veri
848 3056 1196 3121 inveniendi
1215 3100 1234 3137 ‚
1261 3050 1723 3139 quouia§ffixm=
