2167 3667
320 681 456 737 mut
475 678 718 735 sucuuuus.
786 677 830 749 85-

217 784 339 847 dimum
350 779 403 842 effe
413 781 470 841 duo
479 802 592 861 genera,
607 780 745 843 naturales
756 796 785 841 et
796 781 822 839 i·

216 891 316 932 mett
329 868 615 948 natur'ulium'quoque
621 871 687 927 item
695 868 761 945 duo,
775 887 823 927 ne-

216 955 341 1019 oeffurius
350 972 380 1017 et
387 976 448 1016 non
455 953 632 1017 ueceffatiuut
644 954 769 1014 conscita
776 974 821 1015 res

217 1041 291 1104 effet.
297 1041 428 1103 vitiosum
435 1041 555 1101 eitenim
561 1044 592 1100 iu
600 1039 750 1100 dividendo
758 1063 822 1120 par·

219 1131 310 1191 temin
314 1148 414 1208 genere
420 1126 621 1189 numerare.sed
627 1124 749 1186 hocsane
754 1148 822 1188 cou-

218 1215 357 1277 cedamus.
366 1216 603 1276 coutemnitenim
611 1210 756 1273 differendi
765 1214 821 1273 ele·

217 1303 352 1382 gantiam:
364 1301 619 1380 confuseloquitur.
638 1297 822 1379 gerendusest

218 1410 292 1467 mot,
300 1388 386 1450 modo
394 1393 464 1448 reete
471 1385 579 1449 sentiat.
595 1402 623 1447 et
631 1386 743 1467 quidem
750 1386 820 1447 iilud

218 1475 307 1556 ipsum
315 1497 376 1536 non
384 1475 502 1535 nimium
507 1476 610 1554 probo,
621 1472 664 1544 (et
672 1489 763 1534 tamen
771 1496 820 1555 pa·

218 1565 290 1640 tior)
295 1560 488 1642 philosophum
494 1560 616 1640 luquide
624 1561 820 1640 cupiditatibus

218 1646 361 1709 finiendis.
384 1646 820 1729 uupotestcupiditasfiniriitol·

218 1733 748 1815 lendaestatqueextraheudatudicitus.
757 1735 822 1814 quis

218 1820 257 1883 est
264 1823 350 1897 enim,
361 1823 459 1902 inquo
468 1820 503 1881 fit
513 1822 661 1900 cupiditas,
672 1822 740 1900 quin
752 1826 823 1881 reete

219 1908 336 1988 cupidus
348 1906 403 1967 dici
414 1907 515 1988 poffit?
531 1928 598 1985 ergo
610 1924 637 1967 et
648 1929 747 1967 avarus
758 1910 822 1983 erit,

218 1993 360 2055 sediinite:
373 2010 401 2053 et
409 1993 525 2070 adulter,
538 1995 634 2054 vertitu
641 1996 751 2055 habebit
759 2016 822 2055 mo·

219 2082 304 2142 dumt
319 2079 514 2141 etiuxuriosus
524 2080 622 2141 eodem
633 2080 730 2142 modo.
753 2102 822 2160 qua·

218 2169 256 2229 iis
264 2165 313 2227 ista
323 2165 497 2248 philosophia
507 2164 557 2243 est,
568 2188 638 2247 quae
650 2188 710 2227 nou
725 2169 823 2228 interi·

217 2272 280 2315 tum
287 2252 383 2315 afferat
390 2251 579 2334 pravitatizsed
586 2251 619 2313 fit
626 2270 823 2315 contentame-

218 2342 367 2403 dioctitute
380 2343 514 2401 vitiorum
526 2341 537 2400 ἓ
551 2361 710 2421 quanquam
726 2343 757 2401 iu
771 2345 822 2404 hac

217 2427 354 2490 divisione
363 2448 421 2487 rem
429 2425 514 2507 ipsam
525 2426 637 2507 prorsus
647 2431 752 2509 probo:
767 2430 823 2490 ele·

218 2517 341 2593 gantiam
357 2513 490 2575 deiidero.
515 2514 633 2593 appeilet
643 2520 711 2576 haec
722 2516 823 2577 defide-

219 2605 260 2661 ria
268 2617 397 2662 naturae:
411 2600 570 2680 cupiditatis
582 2622 686 2662 nomeu
697 2600 785 2664 servet
793 2624 823 2663 a·

217 2689 272 2765 liu,
282 2706 314 2748 ut
322 2710 385 2748 cum
393 2688 427 2747 de
435 2688 564 2764 avaritia,
575 2710 638 2748 cum
645 2690 679 2749 de
687 2693 824 2770 intempe-

218 2777 320 2851 rantia,
336 2796 399 2835 cum
407 2773 441 2833 de
449 2776 577 2833 maximis
590 2778 666 2835 vitiis
679 2775 823 2854 loquetur,

218 2883 279 2921 eam
296 2877 430 2941 tanquam
442 2862 539 2940 capitis
556 2861 671 2921 accuset.
695 2859 740 2920 sed
756 2866 823 2921 haec

217 2947 333 3028 quidem
340 2948 452 3007 liberius
464 2950 499 3006 ab
511 2969 546 3008 eo
559 2949 690 3009 dicuutut
704 2946 834 3022 etiuuu‘x·

214 3054 258 3095 us,
284 3032 794 3193 quodequidemgontepttutuuu„
817 3024 862 3089 ti

558 3147 574 3209 5
