2167 3667
294 688 427 744 LIBER
447 685 668 759 QUARTUS.
729 701 785 765 209

183 807 214 852 et
223 788 267 867 id,
278 785 356 870 qu'od
366 783 518 872 temporum
529 786 628 848 ordine
642 790 786 870 antiquius

184 875 236 954 est,
245 876 547 956 utcoujngiavirorum
555 890 722 952 mmmmm,
734 897 785 938 na·

185 979 250 1024 tura
259 963 409 1041 conjuncta
415 960 468 1022 effe
474 962 609 1022 dicerent:
621 962 785 1042 quaexstir·

184 1049 728 1132 peorireutnromicitiaecognntionum.
747 1063 788 1108 at·

184 1139 241 1215 qu'e
252 1137 286 1195 ab
297 1136 340 1194 hia
353 1136 442 1194 initiis
452 1133 580 1215 profani,
592 1135 718 1194 omnium
728 1135 786 1193 vir·

184 1219 277 1282 mmm
284 1235 312 1280 et
323 1221 459 1300 originem
466 1220 716 1300 etprogreffionem
722 1239 786 1301 per·

184 1305 354 1369 sotutisunt.
377 1328 414 1366 ex
424 1327 482 1386 quo
492 1307 657 1382 magnitudo
673 1326 786 1387 quoque

185 1391 430 1468 animiexfistebat,
441 1391 581 1472 qnaftcile
588 1390 677 1472 poffet
688 1412 787 1473 repug-

185 1481 249 1542 nari
259 1478 402 1560 obfistique
411 1479 551 1554 fortunae,
563 1477 640 1558 quod
651 1479 787 1540 maximae

186 1563 646 1646 reteffentinpotestatesapientit.
667 1566 787 1624 varien-

187 1669 231 1714 tet
242 1666 333 1712 autem
340 1649 506 1731 injuriasque
517 1651 645 1712 fortunae
652 1649 732 1711 facile
738 1671 788 1712 ve·

186 1755 277 1800 tetum
284 1737 508 1819 philosophorum
515 1739 666 1818 praeceptis
677 1736 786 1797 institu-

187 1828 283 1886 tavitn
291 1823 440 1905 superabat.
464 1826 786 1905 principiisantemana·

186 1905 251 1972 tura
258 1911 341 1985 datis,
353 1909 547 1991 amplitudines
556 1908 688 1991 quaedam
695 1912 787 1969 bono·

186 1994 788 2077 rumexcitabanturpartimprofeetaeacon-

186 2084 463 2165 templationererum
471 2083 664 2158 occultiomm,
675 2083 751 2163 quod
757 2104 787 2143 e·

186 2185 235 2233 rut
247 2169 342 2230 infitua
357 2172 447 2230 menti·
456 2170 631 2247 cognitionis
642 2189 737 2243 amor,
750 2189 787 2228 ex

186 2260 336 2340 quoetiam
344 2253 788 2336 rationiaexplicandne,differen·

186 2344 272 2423 dique
279 2340 787 2423 cupiditaaconsequebaturaquodque

186 2433 244 2492 hoc
258 2428 345 2490 solum
363 2429 465 2489 animal
479 2426 620 2487 natumest
630 2428 744 2508 pudoris
755 2450 788 2490 ac

186 2512 789 2595 verecundiaeparticept,appetensqnecon-

182 2603 361 2683 junctionem
373 2604 516 2661 hominum
528 2622 561 2660 ac
573 2598 743 2678 societatum,
760 2623 791 2661 a·

185 2686 787 2768 nimtdvertensqueinomnibusrebus,quat

185 2789 280 2853 ageret
286 2789 334 2833 aut
340 2775 453 2849 diceret,
465 2794 501 2832 ne
516 2772 587 2852 qui'd
599 2774 634 2831 ab
649 2793 685 2830 eo
699 2772 788 2849 fieret,

185 2861 238 2923 nisu
250 2859 360 2920 honeste
368 2862 517 2921 etd'ecore:
529 2861 572 2919 his
583 2859 682 2931 initiis,
695 2872 726 2915 ut
737 2879 789 2916 un·

186 2965 216 3011 te
223 2948 294 3025 dixi,
307 2963 436 3031 tanquam
444 2945 608 3026 seminibus,
618 2941 810 3006 anututanu-
