2167 3667
336 734 468 795 mom<
488 736 698 806 omNTUs.
760 736 814 810 285

218 836 325 902 causam
335 840 414 916 parvi
427 839 560 897 virtutum
573 834 731 913 limulocfiu,
746 828 815 919 qua·¹

218 942 281 984 rum
296 926 326 983 in
340 922 367 983 se
379 926 483 983 habent
496 921 609 999 semina,
623 921 679 982 fine
689 924 816 985 dochino

219 1025 379 1072 moventur.
385 1007 622 1089 suntenimprima
629 1008 817 1070 dementant-

219 1113 314 1156 turae:
325 1097 425 1176 quibus
440 1097 537 1171 nullis,
548 1096 660 1154 virtutis
671 1093 746 1174 quali
757 1114 816 1155 oar-

218 1182 418 1243 menefficitur.
442 1180 818 1261 namcumitanatifaflique

218 1268 312 1347 limus,
323 1286 355 1331 ut
365 1286 393 1330 et
403 1269 502 1348 agendi
516 1266 632 1348 aliquid,
643 1282 672 1326 et
686 1266 818 1346 diligendi

218 1356 586 1437 aliquos‚etliberalitntis‚et
594 1353 749 1414 referenda
755 1374 818 1433 gra·

218 1445 274 1502 tiae
281 1444 415 1524 principia
423 1444 453 1500 in
461 1444 544 1502 nobis
552 1443 769 1517 contineremus,
775 1456 817 1501 at·

218 1548 274 1608 que
281 1529 316 1588 ad
323 1527 475 1602 scientiam,
483 1527 668 1609 prudentiam,
679 1526 818 1589 fortitudi-

219 1635 338 1695 nemque
345 1630 426 1696 aptos
433 1616 543 1674 animos
551 1616 741 1690 haberemus‚a
749 1634 818 1674 con·

219 1701 364 1779 uariisque
373 1704 454 1760 rebus
466 1701 588 1761 alienos:
605 1721 664 1760 non
676 1698 819 1761 finecausa

219 1807 278 1863 eas,
289 1806 358 1866 quos
369 1786 441 1862 dixi,
453 1789 483 1845 in
494 1789 586 1867 pueris
597 1791 731 1848 virtutum
743 1784 818 1868 quali

218 1871 379 1933 scintillulas
396 1872 533 1950 videmus,
551 1894 568 1932 e
586 1876 687 1953 quibus
705 1874 818 1934 accendi

218 1959 375 2041 philosophi
386 1962 457 2021 ratio
464 1959 556 2037 debet,
567 1974 676 2037 uttam,
688 1958 761 2039 quali
769 1959 817 2019 de·

219 2067 277 2121 um,
289 2047 387 2107 ducem
398 2045 572 2128 subsequens,
584 2047 620 2106 ad
630 2062 745 2106 naturae
756 2067 825 2128 per·.

218 2135 314 2193 veniat
320 2149 486 2194 extremum.
501 2155 579 2209 nam,
591 2150 622 2193 ut
630 2132 818 2214 saepejamdi·

218 2221 261 2296 xi,
273 2222 302 2279 in
311 2218 419 2281 infirma
430 2236 518 2280 aetate
528 2219 717 2300 imbecillaque
727 2234 820 2280 mente

218 2308 262 2366 vis
270 2307 732 2388 naturaepercaliginemcernitur.
755 2328 819 2369 cum

218 2410 308 2453 autem
316 2395 497 2474 progrediens
507 2392 686 2469 conlimatur
696 2394 818 2471 animus,

218 2478 343 2557 agnoscit
350 2480 395 2539 ille
402 2480 512 2559 quidem
519 2496 633 2539 naturae
640 2482 710 2554 vim,
715 2478 760 2539 sed
768 2483 819 2557 ita,

217 2581 249 2625 ut
260 2565 390 2647 progredi
401 2566 481 2646 pollit
494 2566 617 2645 longius,
629 2588 678 2649 per
694 2566 720 2625 se
733 2565 765 2627 fit
776 2582 818 2625 ta·

181 2659 282 2713 ¹6men
290 2655 431 2711 inchoata.
477 2652 642 2712 Intrandum
650 2652 688 2712 est
696 2654 818 2730 igiturin

218 2760 310 2799 rerum
317 2754 455 2813 naturam,
466 2755 495 2798 et
505 2742 627 2819 penitus,
639 2740 706 2817 quid
717 2758 749 2796 ea
757 2735 819 2817 pos·

219 2825 299 2900 tulet,
304 2825 513 2905 pervidendum.
530 2825 608 2883 aliter
616 2828 690 2883 enim
698 2822 818 2882 nosmet·

217 2910 292 2992 ipsos
308 2910 384 2971 nolle
398 2932 458 2970 non
472 2910 623 2991 possumus.
647 2910 724 2987 quod
740 2928 819 2987 prae·

217 3014 328 3077 ceptum
343 2998 408 3075 quia
418 2998 506 3074 majus
518 3012 577 3055 erat
588 3016 671 3076 quam
682 3009 714 3052 ot
722 2996 756 3052 ab
769 2997 820 3051 ho·

214 3085 293 3145 mine
311 3082 461 3163 videretur,
481 3082 594 3159 ileiteo
613 3080 789 3159 alogiam
802 3073 848 3128 &x
