2167 3667
267 308 275 318 .
290 289 386 320 vntum
400 297 487 319 eruum
498 306 637 340 »vm-..W

265 369 304 407 as.
330 345 375 407 sed
388 348 445 407 dies
460 368 505 407 me
516 347 638 408 deficiet:
662 366 701 425 et,
719 365 749 409 ut
764 356 802 409 A.

263 437 323 510 ius,
341 436 390 514 qui
406 433 443 493 est
462 436 571 495 habitus
584 435 673 514 judex
690 436 803 513 durior,

261 542 290 579 re
301 517 447 582 consessori
459 518 573 596 solebat,
589 543 662 598 cum,
673 522 745 582 datis
761 538 802 583 te·

259 629 296 682 18,
315 607 360 666 al'ri
368 622 460 668 tamen
467 610 630 684 citarentur,
646 625 692 668 aut
700 611 754 668 boc
761 625 802 669 te·

257 717 281 754 m
298 695 361 754 satis
378 693 426 771 est,
437 711 484 755 aut
495 692 599 770 nescio,
611 694 748 775 quidsatis
757 694 800 756 fit:

255 806 261 841 ι
272 781 387 843 mesatis
398 781 493 843 datum
503 780 540 841 est
552 780 669 844 testium.
692 781 759 862 quid
770 803 802 843 e·

254 870 280 929 r?
297 883 324 928 te
339 864 436 949 ipsum,
453 868 636 947 dignissimum
650 869 802 948 majoribus

252 977 268 1033 r,
277 953 438 1036 voluptasne
446 954 570 1034 induxit,
576 973 608 1018 ut
615 954 803 1018 adolescentu-

256 1045 373 1123 eriperes
381 1049 413 1103 P.
422 1041 510 1121 Syllae
521 1041 708 1103 consulatum?
719 1062 803 1122 quem
909 1110 911 1117 ,

248 1152 263 1190 n
281 1129 314 1188 ad
329 1144 434 1209 patrem
445 1144 523 1188 tuum
538 1124 681 1205 retulisses,
692 1128 803 1191 sorriffi·

246 1238 278 1275 m
292 1217 395 1292 virum,
411 1215 502 1296 qualis
517 1214 564 1275 ille
578 1214 623 1277 vel
638 1214 747 1293 consul,
757 1217 803 1277 vel

246 1306 270 1362 is
280 1324 345 1364 cum
356 1303 470 1385 semper,
480 1317 540 1364 tum
556 1300 616 1385 post
630 1301 802 1363 consulatum

243 1392 268 1451 t?
284 1412 341 1472 quo
349 1390 460 1472 quidem
467 1394 578 1452 audere
585 1407 639 1450 nor
646 1387 734 1469 ipsiea
740 1385 801 1466 ges

241 1500 293 1553 rus,
306 1479 474 1538 utomnibus
482 1478 576 1558 potius
584 1494 668 1556 quem
676 1472 801 1555 ipfieno·

239 1586 245 1624 r
261 1563 489 1627 consuluerimus.
512 1565 631 1645 aequem
639 1561 751 1642 pulchre
758 1560 801 1623 di·

237 1673 263 1699 n·
277 1651 417 1712 videbare.
431 1672 493 1711 curn
505 1670 542 1711 ex
556 1649 641 1710 altera
655 1662 732 1729 parte
747 1670 800 1730 po·
