2167 3667
371 678 525 735 uraca
552 678 747 735 antuus.
829 696 863 755 37

249 783 327 843 nimo
335 783 423 841 etiarn
433 802 466 843 ac
481 783 592 841 ratione
607 780 724 859 intelligi
736 778 823 861 posse,
834 798 864 843 et

249 865 660 948 voluptate-ipsamperseelse
667 868 864 947 expetendam,

251 955 416 1016 ctdolorem
423 951 513 1035 ipsum
520 975 571 1035 per
587 950 613 1013 se
623 950 675 1013 esse
687 954 862 1032 fugiendum.

252 1043 346 1122 itaque
353 1043 435 1101 aiunt
445 1044 519 1099 hanc
530 1038 606 1120 quast
614 1040 767 1100 naturalem
778 1058 864 1122 atque

252 1127 360 1189 insitam
380 1129 411 1187 in
430 1128 534 1187 animis
549 1124 650 1185 noslria
669 1124 752 1186 inesse
766 1129 864 1187 notio·

255 1233 332 1289 nem,
342 1229 374 1273 ut
384 1213 505 1273 alterum
519 1210 573 1273 effe
586 1211 783 1294 appetendum,
795 1214 865 1272 alte·

255 1296 691 1381 rumespernandumsentiamua.
715 1299 761 1359 alii
773 1316 865 1359 autem

254 1385 369 1468 (quibua
376 1407 431 1465 ego
438 1384 585 1460 assentior)
596 1406 658 1445 cum
667 1385 863 1467 aphilosophia

253 1474 442 1555 compluribus
452 1471 590 1553 permulta
600 1472 739 1548 dicantur,
750 1493 800 1533 cur
810 1492 864 1535 nec

252 1561 424 1641 voluptaain
434 1561 519 1619 bonis
531 1556 564 1617 fit
575 1559 758 1636 numeranda,
770 1579 820 1619 nec
832 1560 864 1618 in

252 1648 331 1707 malit
339 1646 436 1722 dolor,
447 1666 508 1705 non
517 1643 674 1705 existimant
682 1657 811 1725 oportere
820 1646 865 1703 ni·

252 1736 340 1795 mium
353 1754 409 1793 nos
424 1730 520 1793 causae
532 1729 682 1805 confidere,
695 1728 738 1791 sed
749 1746 777 1791 et
783 1752 866 1810 argu·

252 1819 447 1895 mentandum,
459 1834 488 1878 et
499 1833 624 1879 accurate
635 1816 827 1893 disserendum,
838 1834 867 1877 et

254 1909 411 1967 rationibus
419 1903 583 1984 conquisitis
589 1903 623 1963 de
630 1903 808 1986 voluptateet
814 1904 868 1963 do·

223 1986 247 2022 ¹⁰
257 1994 318 2054 lore
323 1991 518 2074 disputandum
523 2006 633 2071 putant.
644 1991 696 2051 Sed
701 2007 732 2051 ut
736 1989 867 2073 perspici·

257 2076 869 2159 atis,undeomnisislenatnssiterrorvolup·

256 2183 342 2227 tatem
351 2164 549 2240 accusantium,
561 2163 744 2243 doloremque
751 2162 867 2223 laudan·

257 2248 868 2331 tium‚totamremaperiamzeaqueipsa,quae

257 2340 351 2401 abillo
363 2342 513 2399 inventore
523 2338 648 2397 veritatis
660 2334 770 2417 etquasi
779 2337 868 2397 archi-

257 2431 330 2487 ttslo
342 2430 435 2485 beatae
445 2427 522 2484 vitae
532 2422 605 2483 ditia
616 2420 690 2500 sunt,
710 2424 866 2505 explicabo.

256 2534 340 2574 nemo
351 2515 427 2571 enirn
438 2508 524 2591 ipsam
534 2509 720 2590 voluptatem,
736 2513 802 2590 quia
816 2530 870 2569 vo·

255 2599 348 2679 luptas
357 2597 399 2673 sit,
411 2595 583 2676 aspernatur,
593 2612 640 2655 aut
649 2598 721 2671 odit,
729 2612 777 2657 aut
785 2596 868 2673 sugit;

254 2684 300 2745 sed
308 2688 376 2765 quia
387 2679 598 2763 consequuntur
608 2686 701 2762 magni
713 2682 824 2743 dolores
838 2703 869 2741 c·

254 2793 303 2847 os,
314 2774 363 2852 qui
378 2772 488 2830 ratione
503 2769 677 2849 voluptatem
693 2768 768 2847 sequi
784 2764 870 2826 nesci·

255 2874 320 2918 unt.
345 2878 436 2936 neque
444 2877 531 2936 porro
543 2855 687 2935 quisquam
699 2853 747 2929 est,
759 2854 807 2933 qui
819 2852 871 2911 do·

255 2944 345 3003 lorem
356 2941 455 3024 ipsum,
467 2945 536 3022 quia
547 2942 629 3001 dolor
646 2940 689 3015 fit,
707 2955 792 3012 amet,
803 2957 872 2995 con·

253 3027 376 3109 leuetur,
389 3026 598 3182 adrpr‘scigelin
613 3026 660 3095 sed
668 3030 889 3118 qurauuuuuu-

560 3140 576 3203 5
