2167 3667
303 764 440 823 amaa
458 766 698 824 sacuunus.
758 766 797 844 69

265 870 354 952 aquit,
363 870 509 949 optimum,
516 870 591 945 utis,
603 870 651 949 qui
659 868 742 931 finem
752 891 797 931 re·

268 954 484 1037 expetendarum
499 955 671 1036 voluptatem
685 956 737 1017 effe
751 958 796 1019 di-

259 1042 462 1117 idextremum,
473 1040 502 1101 id
508 1040 636 1102 udtimum
643 1048 795 1105 bonorum:

246 1126 325 1211 psum
339 1128 409 1209 quid
419 1126 461 1202 su,
473 1128 554 1207 quale
565 1126 609 1204 fit,
620 1128 732 1190 nesciat.
755 1146 798 1191 at·

243 1216 390 1296 ,inquam
403 1230 452 1274 aut
463 1216 612 1295 Epicurus,
624 1215 692 1298 quid
703 1215 736 1275 fit
745 1236 798 1276 vo·

235 1316 298 1377 arar,
309 1316 355 1361 aut
366 1320 466 1361 omnes
477 1302 618 1379 mortales,
631 1304 680 1383 qui
697 1303 800 1383 ubique

229 1402 268 1465 at,
275 1387 410 1449 nesciunt.
434 1408 567 1467 quonam,
579 1391 683 1471 inquit,
691 1390 796 1451 modo?

223 1476 257 1536 da
269 1475 441 1556 voluptatem
451 1478 523 1534 hanc
533 1473 585 1534 effe
599 1473 722 1537 sentiunt
736 1496 798 1537 om·

217 1580 255 1640 ra,
271 1582 355 1643 quam
367 1559 459 1620 sensus
471 1562 608 1641 accipiens
619 1579 758 1639 movetur,
768 1578 799 1623 et

211 1648 364 1709 rouuditate
378 1647 496 1727 quadam
511 1646 699 1725 perfunditur.
729 1648 797 1728 quid

206 1756 271 1815 rgo,
282 1733 360 1795 istam
374 1732 559 1815 uoluptatem,
574 1737 678 1816 inquit,
695 1736 798 1817 Epicu·

201 1842 239 1883 us
246 1821 381 1903 ignorat?
394 1840 454 1881 non
462 1819 575 1903 semper,
586 1825 711 1903 iuquam.
730 1844 797 1883 nam

196 1910 332 1970 interdum
340 1909 424 1968 nimia
435 1909 516 1969 etiam
523 1912 616 1986 novit,
632 1912 735 1991 quippe
746 1911 796 1989 qui

196 1994 359 2072 testificetur,
371 1990 566 2074 neiritelligere
574 1996 685 2077 quidem
698 1994 724 2055 se
732 1992 797 2076 pos·

196 2078 275 2141 feubi
281 2081 324 2157 sat,
332 2095 380 2142 aut
387 2080 587 2161 quidfitullum
596 2084 798 2162 bonum,prae·

196 2167 320 2244 terillud,
329 2170 405 2248 quod
413 2169 487 2243 cibo,
495 2184 544 2227 aut
551 2172 678 2249 potione,
689 2184 717 2227 et
724 2168 798 2226 auri·

196 2274 239 2315 um
253 2254 445 2329 delectatione,
461 2269 489 2313 et
504 2251 641 2313 obseoena
654 2254 798 2331 voluptate

196 2342 324 2422 capiatur.
347 2362 384 2402 an
399 2345 467 2402 haec
482 2341 517 2401 ab
526 2360 561 2399 eo
572 2360 633 2399 non
645 2336 797 2399 dicuntur?

196 2425 265 2508 quafi
279 2448 349 2488 vero
364 2448 408 2489 me
422 2427 534 2509 pudeat,
551 2426 654 2507 inquit,
672 2424 798 2503 istorum,

196 2529 239 2574 rut
257 2536 319 2575 non
335 2514 444 2595 possim,
462 2512 694 2594 quemadmodum
708 2535 741 2574 ea
755 2514 798 2573 di·

196 2618 300 2678 rantur,
309 2600 464 2661 ostendere.
480 2620 532 2678 ego
540 2620 609 2660 vero
617 2620 677 2659 non
685 2600 797 2675 dubito,

196 2690 316 2769 inquam,
328 2689 397 2766 quin
404 2684 484 2747 facile
495 2686 588 2765 postis:
601 2706 651 2747 nec
659 2686 708 2762 est,
719 2686 797 2765 quod

196 2787 219 2833 re
226 2774 328 2854 pudeat
335 2772 451 2853 sapienti
458 2770 595 2845 adsentiri3
612 2774 661 2851 qui
673 2770 699 2830 se
710 2792 795 2845 unua,

196 2860 268 2940 quod
276 2857 370 2933 sciam,
378 2856 526 2938 sapientem
533 2858 656 2939 profiteri
665 2855 698 2916 fit
705 2854 796 2916 ausus.

196 2967 258 3006 nam
267 2944 463 3007 Metrodorum
474 2965 534 3004 non
546 2960 615 3024 puto
627 2941 715 3021 ipsum
730 2962 797 3019 pro·

196 3031 305 3093 fessuma
318 3030 375 3108 sed,
387 3050 451 3093 cum
458 3030 641 3116 appeliatum
653 3029 691 3087 au
697 3027 806 3104 durau·

196 3138 231 3196 '⁰1
243 3120 393 3203 repudiare
401 3138 522 3189 tautum
528 3117 711 3187 bendum
717 3104 808 3174 aad
