2167 3667
318 699 455 755 LIBER
472 698 715 756 SECUNDUS.
779 712 816 776 73

213 801 340 881 linguam
350 797 457 889 nescio?
472 798 582 877 deinde,
594 804 643 881 qui
656 800 700 879 fit,
714 816 747 862 ut
761 820 815 881 ego

214 888 346 963 nesciam,
357 886 551 949 sciantomnea
566 888 732 969 quinamque
747 890 816 969 Epi·

215 977 289 1037 curei
298 973 523 1036 effevoluerunt?
532 974 698 1053 quodvestii
704 974 817 1054 quidem

216 1061 260 1122 vel
266 1059 594 1143 opimedisputangnihil
601 1081 672 1141 opua
679 1059 818 1141 effaetam,

217 1150 266 1228 qui
277 1146 456 1229 philosophus
463 1147 573 1207 futurus
580 1145 624 1222 fit,
637 1145 816 1207 scireliteraa.

219 1236 363 1314 itaque,ut
369 1236 488 1314 majorca
496 1232 583 1294 nostri
590 1235 624 1292 ab
631 1250 724 1294 aratro
731 1234 818 1293 abdo·

218 1317 818 1395 xeruntcincinnatomillummtdietatores·

219 1405 267 1468 seta
278 1405 314 1468 fic
321 1428 375 1468 voa
383 1406 417 1467 de
424 1405 540 1484 Pelasgia
549 1408 677 1466 omnibus
685 1407 817 1485 colligitis

220 1496 311 1555 bonos
326 1492 389 1554 illos
401 1492 513 1572 quidem
521 1493 615 1566 airoa,
624 1490 750 1554 sedcerte
756 1513 818 1553 non

220 1577 820 1659 pereruditoassetgoiiliintelliguot,quidE·

220 1664 741 1749 pieurtiadicat,egooonintelligo?ut
751 1662 820 1724 sciaa

218 1773 263 1816 me
270 1752 436 1831 intelligere,
447 1751 566 1833 primaim
576 1749 647 1812 idem
658 1750 710 1812 effe
719 1751 819 1831 volup·

221 1859 305 1905 tatem
312 1843 389 1919 dico,
403 1841 480 1923 quod
487 1842 533 1904 ille
543 1831 644 1905 Maria.
666 1860 694 1904 et
709 1843 821 1923 quidem

222 1932 298 2016 saepe
316 1935 472 2014 quaerimus
491 1937 606 1995 verbum
624 1935 756 1996 Latinum
771 1954 821 2014 par

222 2018 822 2100 craeeoatquodidemvaleaohtcnihilfiot,

218 2105 823 2272 ttffqffi‘ss‘sgsssstfflffltt]

220 2279 300 2361 qood
315 2286 432 2356 Graece,
450 2300 534 2361 quam
548 2280 668 2342 declarat
682 2277 822 2357 voluptas.

221 2368 287 2427 huic
296 2367 384 2426 verbo
395 2386 505 2442 omnes,
516 2371 567 2447 qui
576 2368 678 2446 ubique
690 2363 764 2441 sunt,
776 2367 825 2446 qui

223 2449 435 2528 meinardum,
449 2451 518 2513 duaa
526 2474 570 2528 rea
578 2452 735 2530 subjiciunt,
747 2451 825 2513 laeti·

223 2541 291 2600 tiam
310 2541 342 2599 in
356 2540 463 2615 animo,
481 2541 699 2599 commotionem
717 2535 826 2599 suavem

221 2622 406 2705 jocunditatis
414 2626 445 2683 in
453 2646 582 2706 corpore.
594 2646 659 2684 nam
666 2641 694 2684 et
701 2624 746 2683 ille
753 2623 827 2703 apud

199 2746 202 2751 ·
225 2715 385 2788 Trabeam,
403 2711 576 2792 voluptatem
592 2713 678 2771 animi
697 2711 827 2784 nimiam,

226 2799 374 2859 Laetitiam
385 2796 464 2874 dicit,
477 2798 603 2872 eandem,
615 2816 698 2876 quam
705 2794 748 2854 ille
759 2801 828 2854 Cae·

227 2884 357 2960 cilianus,
368 2884 418 2965 qui
432 2883 442 2915 ‘
455 2888 586 2945 omnibus
601 2883 712 2941 laetitiis
727 2880 830 2939 laetum

229 2968 303 3031 ‘esse
318 2968 354 3030 se’
370 2986 475 3033 narrat.
498 2962 846 3042 sedhoeiateteifflaoo

227 3056 354 3135 voluptas
365 3055 470 3123 dicitur
483 3062 574 3126 etiam
583 3061 621 3124 ‘m
636 3057 741 3121 mimo
752 3043 871 3114 viimi&
