2167 3667
333 388 466 441 urrann
486 389 699 456 ournnus.
767 401 820 465 ης

220 505 280 546 rere
295 489 452 565 quempiam
471 486 578 562 ludum,
601 504 648 547 ant
667 488 820 550 sermonem

221 573 339 651 aliquem
348 575 499 651 requirere:
512 594 630 651 cumque
638 596 698 634 non
706 579 823 637 habeant

217 660 357 737 ingenuas
364 679 401 718 ex
412 659 537 718 dodrina
545 658 757 738 obleclationes,
769 665 824 724 cir·

219 745 300 806 colos
311 746 420 825 aliquos
428 760 457 805 es
465 743 649 807 semicirculos
660 745 822 810 consedisti.

221 854 259 895 ne
265 832 362 894 bestiae
367 831 561 912 quidem,quas
566 831 756 893 deleclationis
763 854 825 896 osn-

220 916 249 982 sa
263 920 467 997 concludimus,
482 941 545 978 cum
558 917 693 999 copiolius
704 919 825 998 alantur,

219 1027 303 1088 quam
312 1006 424 1067 liellent
430 1006 539 1081 liberae,
545 1005 624 1066 facile
631 1007 775 1086 patiuntur
781 1006 823 1068 se·

222 1093 248 1156 se
259 1095 410 1155 contineri:
422 1090 566 1173 motusque
574 1091 680 1153 solutos
687 1108 716 1153 et
727 1114 826 1173 vagos,

222 1198 347 1241 enatura
354 1179 402 1240 libi
410 1181 541 1255 tributos,
551 1181 707 1258 requirnnt.
721 1179 826 1260 itaque,

222 1265 389 1347 utquisque
408 1267 514 1346 optime
531 1280 614 1325 natus
634 1263 826 1346 institutusque

221 1352 271 1430 est,
281 1351 334 1414 elle
342 1355 461 1413 omnino
469 1351 543 1412 nolit
551 1354 582 1411 in
591 1354 660 1426 vita,
672 1349 691 1412 fi
698 1353 826 1431 gerendis

223 1442 345 1519 negotiis
356 1441 469 1499 orbatus
482 1438 561 1517 poffit
571 1439 740 1519 paratillrmis
751 1437 825 1502 vesci

223 1527 425 1607 voluptatibus.
448 1545 513 1584 nam
521 1541 569 1584 aut
580 1526 707 1604 privatim
719 1523 825 1604 aliquid

223 1634 316 1693 gerere
331 1615 457 1674 maluntz
474 1626 533 1688 aut,
552 1611 601 1690 qui
615 1610 714 1671 altiore
729 1613 824 1673 animo

224 1699 299 1775 lunt,
311 1698 450 1780 capessunt
464 1695 660 1779 rempublicam
671 1699 825 1759 honoribus

224 1786 398 1868 imperiisque
405 1784 596 1867 adipiscendis,
608 1801 655 1844 aut
667 1800 743 1844 totos
756 1783 826 1845 lead

225 1872 311 1938 studia
317 1874 458 1934 dostrinae
464 1870 623 1932 conferunt.
646 1892 701 1951 qua
713 1873 743 1930 in
754 1873 825 1949 vita,

221 1977 334 2023 tantum
342 1958 414 2021 abest
422 1977 453 2019 ut
459 1956 825 2038 voluptatesconledlentur,

223 2051 306 2108 etiam
314 2069 404 2124 curas,
411 2045 730 2124 sollicitudines,vigilias
738 2046 826 2126 perfe-

223 2149 302 2195 runt:
315 2134 700 2214 optimaqueparsehorninis‚
713 2135 825 2213 quaein

223 2223 308 2281 nobis
317 2219 411 2280 divina
419 2218 543 2279 ducenda
550 2218 705 2296 est,ingenii
713 2234 827 2278 ermen·

225 2311 262 2368 tis
274 2305 480 2382 aciefrunnrur,
491 2327 543 2366 nec
551 2306 721 2387 voluptatem
733 2307 826 2384 requi·

225 2410 329 2469 rentes,
338 2392 674 2471 necfugienteslaborem.
700 2413 750 2452 nec
759 2411 827 2451 vero

225 2483 415 2542 intermittunt
434 2495 482 2539 aut
504 2479 714 2539 admirationem
734 2497 828 2536 earum

226 2588 329 2643 rerum,
340 2587 411 2647 qnae
428 2565 491 2626 ssent
506 2567 541 2625 ab
556 2567 679 2643 antiquis
695 2578 829 2644 repertae,

226 2669 274 2714 aut
285 2652 523 2731 investigationem
534 2659 689 2711 novarum:
705 2669 763 2725 quo
773 2647 828 2703 lin-

224 2740 273 2804 dio
288 2761 354 2807 eum
372 2737 470 2807 satim
487 2760 556 2803 non
570 2733 713 2819 ponam
724 2727 868 2786 mm

516 2837 547 2890 O
577 2845 599 2889 2
