2167 3667
712 736 1013 792 LIBER
1062 732 1445 790 PRIMUS.
1624 748 1694 810 33

540 842 715 900 ixime
732 838 929 912 allicit,
938 836 1182 918 quodita
1192 852 1352 917 putat
1363 837 1472 898 dici
1485 838 1554 897 ab
1565 838 1691 914 illo,

479 932 617 987 ,ecta
632 941 689 986 et
706 924 937 986 honesta
950 944 1094 1004 quae
1115 923 1245 999 fint,
1275 944 1340 983 ea
1367 923 1544 984 facere
1573 924 1692 1007 ipsa

468 1034 569 1095 per
582 1011 635 1071 se
648 1013 945 1085 laetitiam,
972 1010 1033 1071 id
1046 1009 1142 1087 est,
1173 1009 1538 1091 voluptatem.
1585 1016 1690 1073 ho-

468 1102 651 1159 mines
666 1100 873 1179 optimi
886 1118 1011 1157 non
1026 1096 1354 1176 intelligunt
1369 1112 1548 1157 totam
1559 1100 1692 1159 rati·

472 1206 643 1246 onem
666 1186 868 1261 everti,
890 1182 931 1244 fi
946 1182 1095 1245 itase
1117 1204 1208 1244 res
1229 1182 1450 1245 habeat.
1497 1204 1633 1245 nam
1651 1183 1694 1245 fi

477 1272 1077 1347 concederetur,etiam
1091 1268 1133 1330 fi
1147 1270 1220 1331 ad
1235 1291 1438 1349 corpus
1455 1271 1596 1331 nihil
1607 1292 1692 1331 re-

475 1358 705 1435 feratur,
726 1358 826 1419 ista
846 1357 941 1418 sua
964 1357 1166 1439 sponte
1188 1372 1244 1417 et
1265 1378 1364 1438 per
1383 1357 1438 1417 se
1467 1357 1572 1418 effe
1593 1360 1692 1437 ju·

470 1446 650 1506 cunda
662 1468 685 1521 ς
712 1460 771 1505 et
789 1465 892 1527 per
905 1443 961 1505 se
974 1443 1108 1505 effet
1121 1460 1182 1504 et
1193 1446 1398 1519 virtus,
1419 1461 1476 1504 et
1489 1448 1690 1524 cogni-

469 1534 549 1593 tio
564 1552 775 1608 rerum,
799 1530 955 1613 quod
976 1533 1210 1591 minime
1229 1531 1324 1590 ille
1345 1532 1490 1607 vult,
1519 1552 1690 1612 expe-

468 1620 659 1680 tenda.
708 1622 847 1679 haec
876 1620 1047 1696 igitur
1074 1619 1308 1698 Epicuri
1339 1638 1458 1678 non
1483 1620 1688 1698 probo,

466 1708 723 1786 inquam.
756 1704 829 1765 de
842 1720 1086 1779 caetero,
1102 1703 1304 1764 vellem
1321 1704 1575 1786 equidem
1589 1720 1690 1765 aut

465 1792 575 1873 ipse
606 1793 883 1853 doctrinis
912 1790 1095 1851 fuiffet
1125 1790 1459 1869 instruffior,
1485 1790 1590 1863 (est
1619 1812 1680 1851 e·

466 1882 607 1955 nim,
630 1878 791 1959 quod
805 1880 883 1937 ita
905 1880 1005 1938 tibi
1018 1877 1200 1939 videri
1213 1878 1418 1938 neceffe
1439 1878 1534 1954 est,
1558 1899 1682 1940 non

465 1963 593 2025 sstis
610 1965 824 2046 politus
842 1966 911 2024 iis
934 1966 1170 2040 artibus,
1193 1985 1332 2044 quas
1357 1967 1454 2045 qui
1483 1982 1684 2026 tenent

465 2051 667 2111 eruditi
701 2051 1082 2132 appellantur)
1116 2068 1212 2111 aut
1239 2071 1312 2111 ne
1341 2051 1685 2112 deterruisset

464 2138 605 2198 alios
626 2160 661 2197 a
676 2137 876 2199 studio.
924 2158 1246 2217 quanquam
1269 2153 1326 2197 te
1347 2138 1573 2217 quidem
1595 2141 1682 2197 vi-

416 2238 443 2280 8
465 2225 571 2284 deo
585 2226 817 2285 minime
829 2223 935 2285 effe
948 2224 1296 2284 deterritum.
1391 2230 1686 2299 quaecum

465 2308 735 2388 dixiffem,
775 2314 953 2390 magis
990 2326 1057 2371 ut
1092 2310 1252 2371 illum
1292 2330 1684 2390 provocarem,

463 2418 627 2478 quam
648 2414 714 2458 ut
735 2396 851 2478 ipse
874 2398 1157 2476 loquerer,
1185 2412 1302 2455 tum
1319 2399 1576 2457 Triarius
1599 2398 1681 2458 le·

459 2486 603 2543 niter
618 2485 897 2559 arridens,
920 2500 983 2543 tu
1002 2482 1249 2562 quidem,
1273 2485 1480 2562 inquit,
1494 2500 1678 2545 totum

459 2574 763 2650 Epicurum
786 2590 967 2650 paene
980 2590 1013 2628 e
1029 2567 1483 2650 philosophorum
1501 2576 1678 2632 choro

456 2655 727 2718 sustulisti.
776 2656 919 2736 quid
932 2657 984 2714 ei
1002 2654 1287 2735 reliquisti,
1308 2656 1410 2715 nifi
1432 2673 1511 2732 te,
1535 2679 1678 2737 quo-

456 2764 570 2821 quo
588 2742 772 2803 modo
802 2743 1148 2821 loqueretur,
1179 2742 1508 2820 intelligere,
1543 2743 1680 2821 quid

458 2828 881 2889 diceret?a.liena
896 2827 1035 2887 dicit
1050 2830 1110 2887 in
1127 2827 1384 2907 phyficis,
1395 2849 1500 2889 nec
1515 2850 1578 2886 ea
1595 2832 1678 2909 ip-

464 2913 541 2988 sa,
564 2935 711 2993 quae
728 2915 830 2973 tibi
854 2916 1243 2993 probarentur.
1291 2913 1330 2972 fi
1361 2935 1472 2994 qua
1500 2917 1558 2972 in
1593 2918 1680 2972 his

468 3004 749 3077 corrigere
784 3000 987 3077 voluit,
1024 3000 1306 3063 deteriora
1333 2999 1494 3065 (edu.
1541 2997 1705 3063 me-

456 3085 620 3143 tendi
634 3100 807 3149 mem
830 3088 1053 3157 nullam
1076 3096 1312 3162 habuit.
1359 3093 1756 3179 voluptatem

1060 3194 1108 3259 c
1147 3211 1188 3275 3
