2167 3667
333 703 466 759 monn
486 702 700 773 QUINTUS·
769 704 824 779 289

223 817 280 875 teu
288 820 405 880 quarum
412 802 448 863 est
455 802 594 884 adspeerus
602 802 742 865 illustrior:
754 825 824 886 quae

224 910 283 970 quo
291 887 573 964 suntexoelfiores,eo
581 889 824 954 dantchriornin·

224 977 297 1037 dicia
313 991 437 1035 naturae.
461 992 556 1035 tantus
567 975 604 1035 est
616 978 700 1053 igitur
710 979 824 1039 innatus

223 1065 255 1122 in
263 1065 345 1121 nobis
353 1064 523 1138 cognitionis
532 1059 825 1136 amoretseientiae,ut

222 1169 307 1209 nemo
316 1149 441 1208 dubitare
449 1148 539 1229 poffit,
548 1150 617 1226 quin
625 1147 659 1207 ad
667 1168 713 1207 eae
722 1168 764 1207 ree
772 1152 823 1209 ho·

222 1238 329 1295 minum
335 1252 432 1294 natura
440 1234 517 1294 nullo
525 1233 713 1293 emolumento
721 1236 824 1295 invita·

221 1320 598 1402 ttrapiatur.videmusne,ut
606 1322 682 1397 pueri
688 1325 824 1381 neverbe·

221 1411 296 1469 ribus
304 1408 414 1488 quidem
423 1431 438 1467 a
446 1407 667 1487 contemplandis
674 1409 823 1487 tehutper-

221 1495 413 1577 quirendisque
428 1495 635 1554 determntur?
650 1508 681 1552 ut
696 1494 763 1572 puffi
779 1516 821 1555 ne·

221 1585 346 1662 quierint,
357 1598 385 1639 et
393 1580 496 1659 aliquid
509 1579 576 1639 scire
588 1579 613 1639 se
624 1580 778 1655 gaudeant?
791 1596 823 1640 ut

221 1669 281 1727 aliis
297 1688 408 1729 narrare
422 1666 554 1745 gestiant?
571 1682 602 1725 ut
613 1665 822 1745 pompm-liidie,

221 1771 303 1833 atque
311 1753 443 1831 ejusmodi
452 1753 607 1833 spectaculis
616 1770 772 1827 teneantur,
784 1758 821 1816 ob

219 1860 334 1919 eamque
342 1861 398 1899 rem
406 1841 452 1900 vel
459 1839 555 1899 famem
560 1854 588 1898 et
594 1839 663 1899 fitinr
668 1840 819 1918 perferant?

220 1928 288 2008 quid
296 1930 378 1989 vero?
391 1929 440 2006 qui
448 1928 577 2004 ingenuis
585 1926 677 1986 studiis
686 1942 769 2007 atque
776 1949 820 1989 ar·

220 2018 294 2074 tibus
311 2014 494 2085 deletiantur,
514 2034 611 2072 nonne
626 2013 751 2072 videmus
769 2034 820 2074 eos

220 2123 273 2163 nec
280 2101 447 2161 valetudinis
454 2122 506 2161 nec
517 2103 557 2164 rei
568 2099 709 2161 familiaris
721 2103 821 2165 habete

219 2189 378 2247 rationem?
394 2190 543 2266 omniaque
555 2190 671 2267 perpeti,
682 2186 738 2266 ipsa
752 2210 819 2266 cog·

218 2277 328 2345 nitione
337 2294 366 2334 et
373 2274 485 2336 scientia
491 2274 606 2354 captos?
619 2290 647 2334 et
655 2294 717 2334 cum
729 2276 818 2335 maxi-

217 2365 271 2422 mis
279 2365 353 2422 curis
364 2379 392 2421 et
401 2363 542 2422 laboribus
558 2358 733 2438 compensare
745 2382 819 2438 earn,

217 2468 302 2528 quarn
313 2471 348 2507 ex
359 2448 489 2508 discendo
500 2450 621 2527 capiant,
632 2448 817 2528 voluptatem?

217 2536 286 2595 mihi
295 2536 406 2613 quidem
414 2540 554 2594 Homerus
568 2533 724 2612 hujusmodi
736 2535 817 2613 quid·

217 2622 280 2681 dam
289 2619 384 2681 vidisse
395 2619 504 2681 videtur
515 2622 546 2679 in
557 2623 603 2695 iis,
614 2642 684 2699 quae
698 2621 732 2681 de
747 2624 816 2683 Sire-

217 2727 285 2767 num
292 2709 419 2767 cantibus
431 2706 554 2767 finxerit.
579 2729 668 2787 neque
680 2711 753 2768 enim
764 2730 817 2770 vo·

217 2815 281 2855 curn
286 2792 416 2854 suavitate
422 2794 616 2870 videntur,aut
622 2796 747 2855 novitate
752 2814 818 2873 qua·

217 2878 318 2941 damet
332 2882 462 2940 varietate
477 2881 608 2941 cantandi
624 2901 753 2941 revocare
767 2901 817 2941 eos

217 2964 322 3043 solitae,
336 2970 385 3045 qui
392 2970 681 3048 praetervehebantur,
693 2966 737 3025 sed
751 2969 818 3044 quia

214 3053 300 3121 multa
307 3052 334 3117 se
341 3051 409 3118 scite
420 3053 833 3139 profitebontntmtnnnn'nnes
