2167 3667
170 298 897 583 -

332 735 466 793 irssrr
486 734 700 806 QUINTUS·
770 731 825 805 πός

222 832 269 911 iit,
280 854 340 916 quo
346 837 465 917 primum
472 850 573 897 natura
582 851 727 897 moventur
734 835 779 898 vei
790 833 827 899 nd

224 921 421 1004 appetendum,
437 923 482 983 vei
500 923 536 983 ad
555 921 754 1000 repellendum,
774 944 827 985 nee

223 1007 376 1089 quidquam
383 1007 827 1090 mnninmpraeterhnectriafflos·

222 1094 257 1157 fit
269 1093 337 1156 effe:
353 1093 457 1158 neceffe
466 1095 505 1156 est
515 1097 635 1156 omnino
646 1094 767 1155 officium
779 1110 828 1157 aut

222 1181 359 1259 fugiendi,
370 1200 418 1243 tut
425 1182 568 1263 sequendi,
574 1180 609 1242 ad
616 1202 713 1241 eorum
721 1179 828 1261 aliquid

223 1268 330 1343 referri3
340 1285 371 1329 ut
378 1270 426 1331 iila
432 1270 591 1351 prudentia,
599 1288 683 1349 quam
690 1282 776 1327 artem
782 1268 827 1328 vi·

224 1369 268 1415 tie
280 1351 333 1417 effe
343 1356 475 1433 diximus,
488 1358 519 1416 in
533 1375 628 1415 earum
638 1356 722 1415 trium
733 1373 827 1417 rerum

222 1442 316 1522 aliqua
323 1442 456 1519 versetur,
467 1464 484 1502 a
495 1463 550 1523 qua
561 1440 648 1501 totius
659 1442 733 1500 vitre
743 1439 826 1502 ducat

222 1528 382 1590 exordium.
405 1550 441 1589 ex
451 1550 486 1590 eo
499 1543 602 1603 autem,
613 1525 691 1607 quod
704 1525 827 1588 iinmerit

223 1612 287 1691 effe,
299 1635 357 1694 quo
367 1617 593 1696 primumnaturi
604 1628 760 1689 moventur,
774 1632 826 1674 ex·

223 1699 384 1762 fistetetiam
393 1703 537 1762 reeiiratio
546 1698 826 1782 atquehonesti,quae

223 1808 289 1848 cunr
298 1808 356 1848 uno
364 1787 458 1868 aliquo
466 1809 503 1849 ex
510 1791 598 1849 tribus
606 1787 661 1847 illis
672 1805 825 1866 congruere

223 1874 316 1956 poiiit:
329 1890 360 1934 ut
368 1874 395 1935 id
406 1874 550 1936 honestum
561 1873 604 1951 fit,
615 1874 704 1934 faeere
715 1875 823 1951 omnia,

223 1977 273 2022 aut
287 1961 439 2043 voluptatis
453 1961 544 2039 causa,
556 1964 639 2023 etiam
654 1959 674 2021 fi
688 1981 747 2021 eam
763 1981 825 2023 non

174 2108 178 2127 ¹
224 2046 403 2127 consequare3
415 2064 464 2109 aut
472 2071 531 2111 non
538 2048 663 2124 dolendi,
678 2046 825 2110 etiamfiid

222 2132 326 2213 affequi
334 2155 466 2215 nequem
479 2152 641 2211 aureorum,
653 2154 722 2215 quae
730 2135 824 2196 secun·

222 2221 291 2281 dum
305 2236 449 2299 naturam,
465 2223 642 2306 adipiscendi.
670 2223 711 2280 ita
723 2221 766 2298 fit,
781 2237 825 2298 ut,

224 2323 330 2388 quanta
337 2307 491 2370 differentia
498 2311 534 2371 est
546 2312 575 2370 in
587 2309 730 2391 principiis
742 2326 825 2370 natu·

223 2394 338 2471 talibus,
345 2411 423 2455 tanta
430 2396 463 2456 fit
471 2400 500 2456 in
509 2397 610 2457 finibus
618 2399 757 2457 bonorum
765 2416 824 2455 ma·

222 2479 370 2560 lorumque
384 2482 580 2544 dissimilitudo.
610 2483 657 2543 alii
672 2480 763 2543 rursus
778 2479 825 2543 iis·

224 2566 287 2626 dem
298 2569 466 2648 aprincipiis
477 2591 561 2629 omne
571 2570 692 2631 officium
703 2568 825 2628 referunt

224 2667 272 2713 aut
288 2652 322 2712 ad
337 2654 519 2734 voluptatem,
539 2672 587 2716 aut
601 2655 636 2716 ad
651 2675 711 2714 non
726 2654 824 2714 dolen·

222 2738 302 2815 dum,
315 2756 363 2799 aut
373 2741 408 2801 ad
420 2743 508 2820 prima
518 2742 565 2802 iila
579 2741 727 2802 secundum
742 2755 825 2798 natu·

223 2847 283 2886 ram
295 2827 458 2888 obtinenda.
480 2828 611 2907 expofitis
620 2829 679 2904 jam
687 2827 771 2902 igitur
778 2823 826 2885 sex

222 2913 258 2974 de
266 2911 457 2975 summobono
465 2912 621 2988 sententiis,
632 2915 716 2971 trium
728 2911 826 2996 proxi·

222 3002 366 3060 marumhi
375 3003 526 3081 principes;
538 2999 708 3080 voluptarii,
717 2993 834 3066 miriq-

218 3106 290 3168 pus,·
303 3106 364 3147 non
373 3087 504 3167 dolendi,
513 3075 862 3168 Hieremiam-,imm-
