2167 3667
326 346 462 454 aman
480 372 720 453 sncnnnus.
775 408 827 469 1-09

224 516 273 561 aut
287 496 427 580 superiore
438 498 488 559 illo
499 499 605 559 beatior
616 497 710 558 soret?
726 496 826 556 deinde

222 586 420 662 concludebas,
437 583 572 645 summum
590 584 690 646 malum
709 583 759 643 effe
774 584 826 643 do·

224 673 331 750 lorem,
352 670 487 731 summurn
505 675 612 731 bonum
630 670 824 750 voluptatem?

188 786 218 821 20
225 761 353 820 Thorius
361 757 462 818 Balbus
472 758 536 833 fuit,
548 759 713 817 Lanuvinus
723 778 731 826 ;
743 776 826 835 quem

225 843 375 907 meminisse
387 860 418 903 tu
429 866 490 904 non
506 860 597 924 potes.
616 844 639 902 is
651 845 690 901 ita
705 843 827 918 vivebat,

226 930 341 991 utnulla
348 947 404 990 tam
413 931 546 1010 exquifita
554 929 640 1010 poffet
647 929 768 988 inveniri
776 949 825 988 vo·

225 1019 329 1098 luptas,
341 1037 397 1097 qua
412 1038 472 1076 non
484 1016 647 1077 abundaret.
670 1031 729 1075 erat
739 1031 767 1073 et
778 1035 826 1075 cu-

225 1105 306 1186 pidus
313 1103 501 1183 voluptatum,
512 1118 541 1163 et
553 1101 671 1181 cujusvis
679 1103 786 1180 generis
798 1123 828 1162 e·

223 1191 272 1270 jus
283 1190 454 1268 intelligens,
466 1205 494 1249 et
501 1187 627 1270 copiosus
638 1212 646 1248 ε
663 1189 702 1247 ita
712 1209 772 1249 non
785 1187 828 1249 su·

226 1275 406 1358 perstitimus,
417 1291 449 1335 ut
456 1276 503 1335 illa
513 1276 632 1356 plurima
643 1276 673 1334 in
685 1273 731 1334 sua
743 1277 830 1354 patria

226 1362 358 1424 ficrificia
364 1378 393 1421 et
399 1362 463 1422 mna
471 1362 719 1424 contemneretaita
726 1382 785 1421 non
794 1363 829 1421 ti·

226 1451 318 1511 midus
327 1449 361 1509 ad
367 1465 497 1526 mortem,
508 1466 541 1510 ut
552 1452 581 1509 in
594 1450 651 1509 acie
661 1447 693 1508 fit
705 1449 743 1508 ob
758 1468 830 1509 retn-

227 1537 367 1618 publicam
385 1536 555 1596 intersedbus.
586 1536 750 1616 cupiditates
770 1557 834 1597 non·

229 1624 347 1704 Epicuri
353 1621 487 1683 divisione
498 1623 620 1698 finiebat,
637 1620 683 1682 sed
694 1620 740 1682 sua
752 1620 831 1682 satie·

229 1725 298 1770 tate.
321 1712 437 1770 habebat
445 1727 536 1770 tamen
551 1717 687 1770 rationem
698 1709 833 1770 valetudi-

229 1798 275 1857 nis
284 1798 743 1871 autebaturiis-exercitationibus,
757 1813 789 1856 ut
796 1797 834 1859 ad

228 1904 346 1944 coenam
353 1899 382 1942 et
392 1882 512 1943 esuriens
520 1898 549 1942 et
557 1881 650 1943 [itiens
658 1884 766 1943 veniret
773 1906 786 1942 :¹
797 1902 834 1945 eo

230 1971 304 2046 cibo,
317 1971 366 2049 qui
374 1968 575 2031 etsuaviffimus
585 1968 659 2045 eiset,
671 1984 699 2028 et
710 1968 782 2030 idem
794 1969 834 2031 fa-

229 2056 392 2117 dffimmad
408 2056 655 2136 concoquendum:
668 2058 749 2132 vino,
760 2073 787 2118 et
799 2057 834 2119 ad

228 2144 415 2223 voluptatem,
427 2159 454 2202 et
467 2165 502 2203 ne
518 2162 641 2204 noceret.
666 2160 772 2206 caetera
788 2145 834 2206 illa

229 2230 386 2306 adhibebat,
399 2232 500 2307 quibus
511 2230 631 2310 demptis
640 2247 723 2310 negat
732 2230 757 2293 se
768 2235 834 2313 Epi·

229 2337 312 2377 curus
321 2317 485 2394 intelligere,
494 2318 562 2395 quid
569 2317 601 2377 fit
608 2321 725 2379 bonum.
742 2322 836 2378 aberat

229 2406 324 2464 omnia
333 2403 433 2464 dolor:
446 2406 494 2482 qui
507 2401 644 2480 fiadcffet,
657 2428 708 2464 nec
716 2406 837 2464 molliter

228 2488 324 2563 ferrem
338 2505 467 2550 ettamen
474 2490 588 2550 medicis
597 2492 670 2571 plus,
684 2512 767 2570 quam
775 2493 836 2570 phi·

228 2575 354 2656 losophis
366 2594 498 2637 uteretur.
522 2577 601 2637 color
612 2579 748 2654 egregius,
763 2578 837 2635 inte·

226 2685 277 2742 gra
285 2662 542 2741 valetudo,summa
550 2661 856 2743 granam'xtadequue

223 2749 352 2816 conferta
361 2754 556 2840 voluptatum
566 2747 883 2818 ommumuuitetatu.

516 2854 543 2914 F
578 2866 592 2928 5
