2167 3667
730 735 998 791 LIBER
1035 735 1517 793 SECUNDUS.
1635 752 1736 813 143

567 857 641 899 =m
668 834 940 897 summum
962 837 1175 897 bonum
1197 835 1300 899 esse
1321 837 1591 914 decernit,
1615 859 1738 901 non

565 921 1117 1006 umeaparteanimi,
1132 926 1193 983 in
1209 945 1322 1005 qua
1338 923 1478 985 inest
1491 926 1635 985 ratio
1651 934 1739 987 at-

541 1031 639 1092 1ue
654 1009 967 1085 confilium,
982 1008 1073 1071 sed
1086 1032 1215 1072 cum
1229 1011 1552 1094 cupiditate,
1566 1011 1624 1071 id
1637 1011 1738 1091 est,

524 1097 1742 1178 cumanimileviffimapartedeliberat?quao·

525 1205 597 1246 uo
616 1186 773 1246 enim
793 1185 863 1245 de
884 1200 971 1245 te:
1002 1182 1043 1245 fi
1064 1183 1194 1245 sunt
1215 1185 1322 1263 dii,
1341 1201 1406 1245 ut
1435 1207 1544 1245 vos
1573 1186 1739 1247 etim

526 1274 765 1352 putatis,
789 1275 889 1352 qui
911 1270 1138 1354 poffunt
1159 1271 1264 1332 effe
1283 1275 1456 1348 beati,
1479 1293 1606 1333 cum
1635 1292 1743 1333 vo-

524 1358 769 1440 luptates
789 1379 1029 1442 corpore
1056 1362 1334 1441 percipere
1355 1382 1477 1420 non
1493 1360 1739 1441 poffint?

526 1462 627 1507 aut
640 1444 681 1507 fi
696 1444 887 1507 fineeo
902 1468 1106 1525 genere
1114 1446 1421 1528 voluptatis
1435 1448 1583 1507 beati
1591 1444 1741 1525 sunt,

524 1554 631 1594 cur
656 1533 882 1595 fimilem
910 1535 1085 1593 animi
1107 1531 1264 1594 usum
1286 1536 1348 1594 in
1371 1532 1614 1614 sapiente
1635 1533 1741 1596 effe

454 1621 511 1667 35
526 1620 757 1682 nolitis?
862 1626 1013 1700 Lege
1028 1619 1397 1695 laudationes,
1420 1626 1741 1701 Torquate,

522 1728 653 1769 non
666 1729 887 1785 eorum,
904 1710 1001 1788 qui
1014 1706 1146 1768 sunt
1159 1710 1228 1768 ab
1239 1714 1495 1770 Homero
1510 1706 1742 1788 laudati,

526 1815 653 1857 non
685 1795 847 1875 Cyri,
874 1816 999 1855 non
1022 1793 1282 1875 Agefilaij
1307 1816 1429 1857 non
1459 1793 1740 1875 Asistidiu,

526 1902 654 1943 non
670 1879 1064 1943 Themistoclis
1069 1926 1091 1958 ‚
1105 1902 1226 1943 non
1239 1882 1504 1964 Philippi,
1519 1903 1640 1945 nom
1655 1888 1739 1943 A·

524 1969 807 2033 lexandrit
825 1968 946 2047 lege
960 1967 1277 2031 nostrorum
1291 1969 1607 2046 hominum,
1617 1968 1740 2049 lege

526 2054 735 2119 vestrae
744 2056 1003 2117 familiare
1014 2059 1294 2117 neminem
1307 2056 1522 2117 videbis
1529 2058 1610 2115 ita
1619 2054 1740 2117 laus-

526 2143 750 2219 datum,
768 2156 835 2202 ut
855 2142 1055 2202 artifex
1078 2143 1306 2204 callidus
1337 2141 1739 2224 comparanda.-

526 2251 658 2292 rum
686 2228 1037 2308 voluptatum
1065 2229 1360 2292 diceretur.
1407 2252 1531 2291 non
1559 2229 1741 2307 elogia

524 2331 1023 2380 monumentorum
1037 2316 1098 2377 id
1109 2314 1439 2397 fignifieant,
1460 2314 1740 2378 veluthoe

525 2404 603 2467 ad
616 2420 860 2485 portame
879 2405 900 2438 ‘
915 2411 1051 2465 Uno
1065 2424 1189 2481 ore,
1213 2407 1304 2465 cui
1320 2404 1586 2487 plurimae
1599 2421 1740 2465 oon-

528 2491 553 2525 ‘
578 2489 825 2553 sentiunt
844 2505 1063 2571 gentes,
1084 2491 1282 2572 populi
1303 2492 1625 2572 primarium
1647 2491 1739 2553 fur·

528 2578 552 2613 ‘
575 2576 669 2639 iffe
682 2582 913 2640 virum.'
955 2576 1090 2638 idne
1103 2576 1426 2639 consensisse
1445 2579 1514 2640 de
1532 2578 1739 2639 Calati-

528 2687 612 2727 no
625 2666 893 2748 plurimas
906 2682 1100 2743 gentes
1117 2668 1468 2743 arbitramur,
1483 2667 1740 2748 primari-

528 2774 625 2814 um
655 2753 850 2834 populi
878 2751 1052 2828 fuiffe,
1082 2752 1238 2833 quod
1267 2752 1741 2835 praestantissimua

527 2838 713 2902 fuisset
724 2842 786 2899 in
810 2839 1173 2900 conficiendis
1195 2838 1619 2923 voluptatibus?
1650 2856 1741 2897 er-

526 2948 607 3009 go
630 2929 693 2987 in
710 2929 778 2985 iis
801 2924 1236 2987 adolescentibus
1251 2931 1457 2988 bonam
1472 2925 1622 3005 spem
1637 2921 1744 2983 effe

524 3016 781 3077 dicemus
796 3029 853 3073 et
882 3034 1140 3093 magnam
1162 3013 1433 3089 indolem,
1454 3029 1600 3091 quos
1629 3005 1741 3066 suia

518 3099 1272 3186 commodisinservitutos,
1282 3119 1346 3167 et.
1353 3087 1804 3185 qffiqdnbfxssu
