2167 3667
351 722 485 781 LIBER
505 724 720 796 QUINTUS.
787 736 839 799 273

239 822 377 885 sumntum
393 842 494 887 etcum
505 828 535 885 iu
553 825 625 886 mala
639 824 754 886 scientes
770 827 842 885 irtu-

240 926 305 986 unt,
316 926 409 971 tumen
417 910 443 971 se
451 915 556 993 optime
563 910 611 971 fibi
619 910 760 972 consulere
767 914 839 972 urbi·

240 1012 362 1057 tumtur:
374 999 581 1078 itaquedicunt,
593 1018 644 1058 nec
652 998 790 1072 dubitant,

249 1084 335 1145 ·Mihi
342 1076 508 1145 ficususest:
521 1086 572 1144 tibi
582 1100 614 1144 ut
624 1081 746 1167 opuuest
756 1082 841 1161 fuito,

249 1198 254 1205 ·
306 1169 375 1233 fuce.

239 1255 377 1338 velut,qui
384 1255 433 1341 ipfi
440 1253 488 1319 fibi
494 1258 598 1319 bellum
607 1254 845 1333 inciuttrenmm-

239 1345 387 1422 ciuitates,
402 1348 498 1405 noues
513 1346 637 1426 torqueri
652 1343 774 1405 vellent:
790 1364 842 1405 nee

238 1450 309 1492 veto
319 1428 372 1492 sese
384 1430 433 1512 ipfi
440 1430 599 1492 accusarent
607 1433 644 1491 ob
652 1450 713 1491 eam
721 1429 841 1509 causum,

239 1518 316 1599 quod
324 1516 378 1579 sese
385 1518 457 1579 mule
465 1520 547 1579 rebus
559 1515 613 1577 suis
627 1515 789 1577 cousuluiise
798 1518 842 1577 di·

239 1618 345 1664 cetent.
361 1606 540 1667 eorumenim
547 1602 842 1683 htecestquereia,qui

238 1689 288 1750 fibi
302 1693 359 1751 cari
374 1690 449 1768 sunt,
463 1689 570 1772 seseque
583 1691 713 1769 diligunt.
745 1710 842 1770 quare,

239 1774 465 1859 quotiescumque
482 1778 588 1838 dicetur
601 1778 673 1839 male
686 1777 722 1837 de
735 1775 762 1835 se
776 1780 840 1857 quis

237 1866 345 1942 mereri,
354 1863 842 1945 fibiqueeffeinimicusatquehossis,

237 1952 324 2011 vitum
339 1950 458 2032 denique
476 1951 581 2031 fugere,
600 1950 771 2029 intelligatur
789 1950 841 2010 uli·

238 2056 323 2117 quam
332 2035 431 2098 subeffe
438 2038 573 2117 ejusmodi
584 2036 703 2113 causam,
715 2053 747 2097 ut
757 2056 794 2097 ex
805 2052 843 2098 eo¹

237 2122 297 2203 ipso
305 2122 383 2204 poffit
391 2124 518 2204 intelligi,
529 2124 578 2185 fibi
585 2145 723 2207 quemque
734 2122 786 2183 ess'e
794 2145 840 2185 ca·

237 2230 311 2271 rum.
328 2230 455 2271 necvero
462 2210 490 2270 id
497 2209 561 2270 satis
569 2210 617 2287 est,
628 2212 767 2272 neminem
776 2208 839 2286 etse,

237 2299 286 2377 qui
293 2296 492 2378 ipseseoderitt
506 2296 746 2383 stdilludquoque
757 2295 839 2356 intel·

236 2378 379 2461 lig'endum
394 2383 442 2460 est,
460 2386 599 2443 neminem
614 2382 682 2459 effi,
701 2385 767 2463 qui,·
781 2402 840 2464 quo

237 2468 323 2529 modo
334 2468 360 2528 se
372 2472 481 2546 habeat,
493 2471 563 2529 nihil
575 2469 622 2531 sua
632 2469 739 2531 censent
750 2472 839 2529 inter·

236 2552 300 2615 etse.
324 2553 438 2615 tolletur
451 2558 525 2615 enim
540 2558 679 2637 appetitus
695 2555 839 2633 animi,'fi,

236 2643 305 2701 utin
318 2643 354 2700 iis
365 2645 458 2720 rebus,
470 2644 542 2702 inter
554 2662 624 2724 quat
636 2642 705 2703 nihil
716 2640 838 2718 interest,

236 2726 839 2896 iffii'tiiiitt‘gtiiiiffli’

546 2859 556 2893 ‚
825 2844 838 2859 .

237 2898 300 2959 fetui
315 2899 407 2977 fimus,
423 2901 493 2961 nihii
507 2901 600 2961 nostra
614 2902 778 2961 arbitramur
793 2900 838 2957 in·

201 2982 342 3046 ute'reffe.
409 2982 846 3069 Atqueetiumiiiudssuuu'xuux-

232 3072 383 3155 «reveni,
390 3057 877 3159 peuuturtumuuuuissuiuit·
